1912 3187
313 115 522 159 ΠΡΟΣ
581 103 1026 158 AAKPI'To‘r
1085 120 1344 161 nAPAr
1369 119 1418 161 P.

1512 111 1622 166 519

258 228 412 261 ἐντεῦθεν
424 228 718 266 καταπλεύσαντες
731 226 912 267 Ἀθήναζε,
936 231 1014 268 τοὺς
1028 231 1146 268 τόκους
1163 230 1394 263 ἀποδιδόντων
1411 233 1487 269 τοὺς
1504 229 1623 272 πέρυσι

261 275 447 317 κραφέντας
463 275 507 311 εἷς
523 276 588 313 τήν
610 275 819 316 συγγραφὴν.
839 275 898 307 ἐὰν
915 274 946 306 δέ
969 288 1002 307 τι
1023 276 1043 315 ἡ
1062 279 1146 314 mog
1163 277 1256 319 πάθῃ
1272 277 1470 315 ἀνήκεστον,
1486 275 1560 309 ἐν’Γ
1538 290 1559 319 ῃ
1577 278 1622 308 ἂν

262 321 348 363 πλέῃ
374 333 415 352 τιι
439 321 607 363 χρήματα,
637 321 780 362 σωτηρία
807 321 889 352 ἔστω
912 325 980 353 τῶν
1006 323 1240 366 ὑποκειμένων·
1266 324 1307 355 τὰ
1333 323 1363 354 δὲ
1384 324 1625 372 περιγενόμενα

259 368 353 398 κοινὰ
370 367 451 398 ἔστω
468 369 537 403 τοῖς
555 365 734 398 δανείσασι·
754 367 950 409 κυριώτερον
967 367 998 399 δὲ
1012 370 1085 412 περὶ
1103 370 1230 402 τούτων
1244 370 1329 401 ἄλλο
1345 368 1448 412 μηδὲν
1465 372 1550 400 εἰναι
1564 371 1626 407 τῆς

264 414 469 455 συγγραφῆς.

752 511 1068 549 ΜΑΡΤΥΡΕΣ.

309 580 462 623 Φορμίων
504 582 683 623 Πειραιεὺς,

172 657 280 722 λε”γε
306 655 355 719 δὴ
382 655 461 710 καὶ
487 661 573 716 τοὶς
592 659 858 734 μαρτυρίοις.

726 580 951 622 Κηφισόδοτος

1005 584 1169 622 Βοιώτιος,

1213 583 1413 627 Ἡλιόδωρος
1465 585 1618 622 Πιτθεύς.

742 795 1072 834 ΜΑΡΤΥΡΙΑΙ.

310 861 548 906 Αρχενομὶὂης
577 862 849 908 Ἀρχεὲαμαντος
876 865 1123 908 Αναγυράσιος
1158 870 1314 911 μαρτυρεῖ
1348 868 1521 907 συνθήκας
1553 881 1621 912 παρ

264 909 371 950 ἑαυτῷ
384 910 601 942 καταθέσθαι
603 911 794 954 Ανόροκλέα
809 912 986 954 Σφῆττιον,
999 916 1007 934 ¹
1019 913 1221 956 Ναυκράτην
1234 914 1449 957 Καρύστιον,’
1453 914 1633 959 Αοτέμωνα

804 1006 814 1026 ¹
832 1006 1029 1048 Ναυσικράτην

174 1097 301 1132 foenore,
326 1107 382 1126 neo
410 1097 482 1127 alibi
507 1098 644 1127 locorum
675 1098 883 1137 deprehensos

177 1151 229 1170 eos
241 1141 375 1178 diripere
391 1145 422 1169 et
444 1141 574 1178 spoliare
594 1141 765 1179 potuissent
788 1141 883 1170 Athe-

173 1183 320 1213 niensium
350 1183 534 1217 Trierarchi,
566 1183 637 1221 quia
664 1183 750 1212 navis
780 1193 882 1212 eorum

174 1235 210 1254 ac
231 1235 347 1254 merces
371 1225 492 1264 pignori
508 1225 639 1264 obligata
662 1226 782 1254 civibus
799 1230 884 1255 erant

173 1267 425 1303 Atheniensibus,
441 1267 491 1306 qui
509 1267 667 1305 pecuniam
684 1268 730 1297 his
746 1267 883 1297 foenerati

173 1310 301 1339 fuerant.
345 1310 376 1339 Si
393 1314 491 1339 tamen
505 1310 685 1349 deprehensi
698 1311 829 1339 fuissent
846 1311 882 1338 ab

173 1352 274 1391 aliquo
286 1358 372 1390 portu
387 1358 438 1381 ant
450 1353 524 1381 urbe
536 1358 738 1386 revertentes,
750 1353 779 1382 in
794 1363 883 1391 quam

171 1396 222 1433 jus
251 1397 341 1424 συλῶν
377 1395 435 1424 sibi
478 1399 652 1433 competere
682 1395 884 1424 Athenienses

175 1437 345 1466 Trierarchi
372 1438 574 1475 judicassent,
614 1438 678 1467 sine
707 1438 799 1467 dubio
830 1447 883 1467 eos

175 1480 369 1518 spoliassent.
416 1480 493 1509 Nam
522 1480 573 1518 qui
597 1480 678 1518 apud
704 1480 807 1509 hostes
834 1490 884 1510 ne-

172 1522 336 1561 gotiantur,
360 1527 391 1552 et
413 1522 442 1550 in
468 1532 572 1551 eorum
598 1527 698 1560 partes
724 1523 884 1558 invehunt,

171 1575 228 1603 pro
245 1565 382 1594 hostibus
406 1565 553 1593 habentur
570 1565 688 1594 etiamsi
711 1565 796 1594 cives
811 1565 881 1594 sint.

174 1608 222 1636 De
248 1607 341 1636 sociis
364 1617 422 1636 non
441 1610 490 1635 est
513 1607 649 1636 dubium.
694 1608 735 1636 Et
754 1607 882 1637 Atheni-

172 1660 274 1684 enses,
297 1654 330 1679 ut
354 1649 433 1685 dixi,
454 1659 490 1677 eo
514 1655 650 1688 tempore
673 1650 764 1683 σύλας
792 1651 883 1679 habe-

172 1694 244 1721 bant
260 1697 364 1721 contra
381 1689 556 1726 Φασηλίτας.
589 1692 634 1721 De
652 1692 694 1721 M.
716 1692 751 1721 U.
771 1703 801 1731 p.
820 1695 882 1723 213

172 1737 290 1765 -217,
306 1737 459 1764 SALMAS.
491 1735 538 1763 Cf.
556 1735 616 1774 me?
644 1741 731 1774 Στεφ.
748 1746 778 1765 τ.
797 1747 882 1776 τριηρ.

172 1787 206 1816 p.
224 1780 318 1808 1231.
332 1777 428 1806 v.nlt.
445 1777 493 1805 ed.
517 1778 552 1809 R.

214 1819 383 1859 Ἐξελέμενοι
400 1818 475 1849 ἕπου
493 1819 524 1850 ἃν
544 1822 585 1858 μὴ
609 1819 697 1855 σέλαι,
715 1821 763 1851 vel
785 1820 883 1856 σύλαι,

172 1860 238 1892 ὦσιν
253 1861 413 1902 Ἀθηναίοις]
438 1863 529 1892 Certe
550 1863 636 1892 σύλαι
661 1864 810 1893 dabantur
834 1863 883 1899 iis,

174 1905 237 1944 qui,
253 1905 362 1944 injuria
378 1906 415 1934 ab
435 1906 551 1935 exteris
568 1910 705 1945 accepta,
727 1911 779 1936 aut
795 1906 882 1936 bonis

174 1949 211 1977 ab
242 1948 281 1977 iis
309 1948 442 1985 spoliati,
473 1948 548 1977 nihil
577 1949 655 1987 aequi
683 1953 844 1988 potuerant
868 1960 886 1979 a

173 1990 376 2030 principibus,
395 1990 505 2030 quibus
521 1991 544 2020 ii
559 1992 685 2026 subditi,
704 1993 754 2022 vel
776 2002 793 2021 a
810 1992 885 2021 civi-

174 2038 249 2068 tate,
273 2035 359 2072 cujus
384 2038 470 2063 erant
494 2035 592 2070 cives,
624 2034 774 2064 obtinere.
821 2035 883 2064 His

173 2075 271 2115 igitur
282 2075 312 2105 in
328 2077 406 2106 bona
421 2076 563 2112 aliorum,
577 2077 753 2116 quicunque
770 2077 884 2117 princi-

174 2128 247 2157 pum
269 2119 390 2148 illorum
414 2119 545 2158 imperio
566 2121 695 2158 subjecti
720 2125 814 2155 erant,
834 2121 883 2150 vel

175 2161 311 2191 civitatis
329 2161 413 2191 illius
440 2161 562 2197 incolae,
578 2162 725 2192 invadere
740 2164 791 2202 jus
807 2168 885 2200 erat,

174 2207 264 2242 atque
279 2203 350 2233 inde
361 2205 501 2234 damnum
511 2216 528 2234 a
540 2214 573 2234 se
589 2210 745 2244 acceptum
759 2206 882 2236 sarcire.

176 2246 215 2275 Id
233 2247 374 2276 dicebant
390 2247 475 2278 σύλην
498 2247 607 2284 λαβεῖν,
624 2253 656 2277 ut
671 2259 719 2287 ap.
735 2254 815 2279 nnec.
833 2248 883 2278 lib.

176 2287 224 2318 H.
252 2289 426 2319 OEconomic.
452 2291 473 2319 i.
505 2300 549 2328 op.
578 2291 700 2320 Aristot.
730 2291 809 2321 Haec
831 2301 882 2320 au-

175 2337 236 2361 tem
252 2333 425 2371 syngrapha
445 2333 640 2370 permittebat
655 2334 884 2370 mercatoribus,

179 2374 292 2413 quibus
307 2375 437 2413 pecunia
457 2375 576 2405 nautica
591 2380 655 2405 erat
675 2380 781 2405 mutuo
802 2376 884 2413 data,

176 2427 294 2446 merces
308 2427 324 2445 e
343 2418 411 2446 navi
436 2423 609 2456 exportare,
626 2419 661 2448 si,
675 2429 728 2456 per
748 2419 792 2447 X.
817 2419 884 2449 dies

176 2459 207 2488 in
232 2459 438 2498 Hellesponto
465 2466 579 2490 morata
602 2466 694 2496 esset,
719 2466 809 2500 atque
833 2472 884 2492 eas

178 2512 358 2541 quocunque
369 2502 435 2531 loco
445 2502 466 2531 ii
481 2503 769 2542 vellentdeponere‚
778 2505 884 2534 modo-

177 2554 215 2573 ne
235 2545 286 2574 ubi
307 2545 392 2574 σύλαι
413 2549 516 2581 essent
540 2546 792 2581 Atheniensibus,
814 2546 834 2576 i.
858 2559 885 2577 e.

178 2588 270 2617 modo
292 2598 328 2616 ne
344 2588 491 2617 adversus
507 2588 590 2617 illius
607 2589 666 2618 loci
688 2589 772 2618 cives
793 2591 886 2619 Athe-

179 2630 334 2660 niensibus
354 2631 589 2669 repraesalz'arum
611 2631 682 2672 (hac
706 2632 785 2661 enim
809 2643 885 2662 voce

180 2673 224 2701 mi
243 2673 382 2711 cogimur
403 2674 439 2702 ad
457 2673 626 2703 faciliorem
644 2674 686 2703 rei
703 2673 886 2713 explicatio-

180 2714 266 2754 nem)
298 2717 348 2754 jus
376 2721 468 2745 esset.
514 2718 615 2755 Quare
643 2716 697 2746 id?
738 2717 886 2752 Primum,

179 2757 252 2795 quia
269 2758 294 2786 si
311 2758 550 2789 Atheniensibus
567 2760 714 2789 adversus
731 2770 784 2789 eos
801 2759 887 2791 σύλαι

180 2805 276 2834 erant,
291 2801 379 2829 amici
394 2811 452 2830 non
468 2807 562 2832 erant.
602 2803 697 2841 Atqui
713 2813 779 2832 cum
796 2803 888 2833 hosti-

180 2842 238 2871 bus
267 2842 380 2871 nullum
415 2849 534 2882 poterat
563 2855 632 2874 esse
663 2847 887 2880 commercium.

182 2884 316 2920 Deinde,
341 2885 480 2923 quoniam
507 2887 534 2917 si
558 2889 628 2926 jure
656 2888 717 2919 isto
739 2889 888 2921 adversus

918 1108 971 1127 eos
985 1099 1190 1130 Athenienses
1203 1100 1247 1129 uti
1265 1100 1443 1136 volnissent,
1459 1099 1489 1130 hi
1507 1110 1627 1139 quoque

917 1151 1047 1177 merces,
1063 1143 1094 1172 in
1108 1143 1218 1181 quibus
1235 1143 1319 1172 cives
1336 1143 1429 1172 Attici
1441 1144 1493 1180 jus
1503 1143 1628 1181 aliquod

918 1184 1079 1221 habebant,
1119 1186 1250 1215 retinere
1288 1186 1476 1224 potuissentz
1515 1186 1627 1223 quibus

918 1227 1059 1263 perditis,
1081 1228 1265 1257 creditorum
1280 1229 1418 1266 pecuniae
1434 1228 1571 1266 peribant
1587 1237 1629 1256 ex

919 1269 1099 1307 syngraphae
1128 1270 1211 1298 illius
1246 1270 1375 1308 legibus.
1432 1271 1505 1300 Jure
1534 1271 1628 1308 igitur

917 1313 967 1343 τῆς
982 1311 1069 1344 σύλης
1085 1323 1201 1342 merces
1216 1312 1277 1341 illae
1296 1313 1466 1351 potuissent
1482 1311 1627 1342 συλᾶσθαι

918 1354 954 1381 ab
977 1353 1027 1387 iis,
1052 1354 1103 1392 qni
1124 1355 1162 1384 ab
1185 1355 1423 1384 Atheniensibus
1439 1354 1524 1384 σύλην
1545 1354 1630 1393 passi

918 1400 1029 1424 essent.
1066 1396 1168 1432 Quare
1182 1397 1338 1435 eleganter
1356 1398 1555 1426 foeneratores
1571 1398 1627 1426 At-

918 1437 1045 1476 tici,qui
1061 1439 1189 1477 pecunia
1205 1440 1321 1468 credita
1333 1450 1350 1468 a
1364 1439 1531 1469 Phaselitis
1548 1450 1628 1469 mer-

918 1481 1073 1510 catoribus
1098 1481 1325 1516 fraudabantur,
1343 1482 1579 1519 expostulabant
1594 1492 1628 1520 p.

917 1524 992 1552 523.
1019 1533 1048 1551 ν.
1071 1526 1102 1554 9.
1125 1524 1154 1553 h.
1171 1534 1216 1553 or.
1241 1524 1284 1553 ita
1310 1525 1347 1553 ab
1374 1524 1412 1553 iis
1443 1534 1545 1553 secum
1567 1525 1629 1563 agi,

917 1565 1003 1602 quasi
1024 1566 1190 1595 Phaselitis
1207 1571 1311 1596 contra
1323 1566 1524 1596 Athenienses
1540 1566 1628 1596 σύλαι

916 1608 996 1637 datae
1012 1613 1123 1644 essent,
1147 1609 1204 1638 i.e.
1228 1609 1314 1647 quasi
1337 1610 1499 1638 Phaselitis
1521 1610 1630 1640 liceret

916 1651 1119 1681 Athenienses
1140 1652 1169 1680 in
1191 1652 1259 1689 ipso
1276 1652 1414 1691 emporio
1430 1652 1534 1682 Attico
1555 1663 1628 1691 spo-

917 1693 991 1722 liare
1007 1694 1239 1732 repraesuliarum
1252 1695 1333 1732 jure.
1380 1695 1480 1733 Atque
1504 1695 1568 1723 haee
1588 1696 1628 1724 de

916 1735 986 1765 loco
1000 1736 1231 1771 obscurissimo,
1247 1737 1296 1766 cui
1313 1737 1339 1766 si
1356 1736 1453 1766 lucem
1477 1737 1629 1773 dedimus,

916 1778 1042 1807 fecimus
1066 1780 1147 1817 quod
1172 1779 1336 1814 voluimus,
1360 1779 1386 1808 si
1411 1789 1469 1808 non
1494 1780 1628 1816 omnino,

916 1821 1044 1850 fecimus
1054 1822 1136 1860 qnod
1147 1822 1300 1860 potuimus
1310 1832 1319 1859 3
1331 1827 1412 1852 certe
1425 1822 1561 1851 Salmasii
1572 1823 1629 1852 iin-

917 1868 1076 1902 portnuam
1094 1865 1317 1903 gloriationem,
1329 1871 1388 1894 tam
1408 1875 1524 1900 vanam,
1539 1875 1628 1903 quam

917 1906 1079 1936 ridiculam
1095 1917 1161 1937 esse
1179 1908 1380 1942 ostendimus,
1393 1918 1447 1936 nec
1463 1907 1565 1945 longe,
1582 1908 1628 1937 ni-

919 1949 944 1978 si
955 1950 1148 1980 vehementer
1156 1950 1256 1985 fallor,
1269 1961 1286 1979 a
1299 1961 1392 1991 scopo
1406 1950 1626 1981 aberravimus.

918 1992 1127 2024 HERALDUS.

959 2033 1022 2064 Ἐὰν
1040 2034 1068 2064 δὲ
1084 2054 1125 2058 -
1142 2034 1340 2076 ὑποκειμένων]
1369 2036 1448 2067 Haec
1470 2036 1544 2066 mihi
1567 2036 1621 2065 ob-

917 2087 1006 2108 scura
1022 2082 1104 2113 sunt,
1128 2089 1184 2108 nec
1208 2080 1361 2118 quomodo
1376 2078 1447 2108 inde
1469 2090 1517 2109 me
1533 2089 1628 2117 expe-

917 2120 984 2150 dire
1000 2122 1114 2159 possim
1131 2121 1233 2152 video.
1269 2122 1416 2152 Putabam
1432 2122 1627 2158 convenisse,

918 2167 950 2192 ut
970 2163 996 2192 si
1020 2163 1093 2202 quid
1113 2164 1183 2194 navi
1204 2164 1368 2200 accideret,
1390 2169 1421 2194 et
1441 2164 1557 2203 aliquid
1582 2169 1627 2194 ta-

916 2216 984 2235 men
1017 2206 1135 2236 salvum
1165 2211 1260 2244 esset,
1286 2208 1368 2247 quod
1399 2212 1480 2237 esset
1511 2207 1628 2237 salvum

915 2249 1094 2287 pignoribus
1125 2249 1354 2280 attribueretur.
1398 2250 1459 2279 Sed
1487 2260 1555 2288 quae
1579 2255 1628 2279 se-

916 2296 1050 2330 quuntur
1074 2292 1146 2321 mihi
1165 2294 1298 2328 obstant,
1324 2294 1364 2322 τὰ
1386 2291 1414 2321 δὲ
1436 2292 1632 2331 πεξιγενόμενα

915 2336 990 2364 κοινιὶ
1005 2333 1082 2365 ἔστω
1093 2335 1153 2369 τοῖς
1168 2333 1323 2364 δανείσασι.
1355 2336 1432 2372 Quae
1449 2339 1631 2374 sequuntur,

916 2377 1076 2416 κυςιώτεξον
1105 2388 1133 2406 κ.
1156 2389 1187 2406 τ.
1213 2383 1242 2406 λ.
1281 2377 1447 2407 clausulam
1475 2377 1630 2407 solennem

917 2420 1085 2455 continent,
1098 2420 1281 2458 syngraphis
1295 2421 1408 2460 apponi
1422 2420 1554 2455 solitam,
1570 2431 1630 2459 qua

917 2463 1081 2492 cavebatur
1093 2473 1128 2492 ne
1145 2464 1227 2492 fraus
1243 2463 1438 2492 conventioni
1456 2463 1538 2492 lieret
1555 2473 1629 2501 quo—

917 2515 1036 2543 eunque
1059 2507 1177 2535 tandem
1201 2511 1300 2544 pacto,
1323 2516 1399 2536 neve
1430 2516 1466 2534 ea
1489 2505 1629 2543 judicum

919 2548 1069 2577 sententia
1086 2555 1137 2577 aut
1154 2548 1212 2577 alio
1229 2549 1321 2577 modo
1342 2548 1557 2586 infringeretur
1577 2555 1629 2576 aut

919 2590 1164 2626 labefactaretur,
1196 2592 1402 2620 Demosthene
1436 2591 1503 2627 ipso
1533 2590 1629 2618 inter-

919 2637 1013 2672 prete.
1049 2634 1096 2663 Cf.
1123 2644 1157 2663 π.
1182 2640 1292 2664 Amne.
1319 2644 1350 2672 p.
1377 2635 1470 2662 1291.
1494 2642 1523 2661 v.
1541 2634 1571 2662 3.
1597 2637 1629 2661 et

919 2685 949 2714 p.
966 2678 1058 2705 1287.
1075 2685 1105 2706 v.
1122 2677 1175 2706 ult.
1191 2677 1239 2705 ed.
1259 2677 1299 2705 R.
1317 2678 1421 2705 inm.

964 2717 1087 2758 ’Σωτηξίει
1102 2718 1179 2750 ἔστω
1196 2720 1250 2747 τῶν
1264 2720 1398 2755 ὑποκειμε
1395 2715 1462 2755 νων]
1486 2718 1545 2745 Των
1564 2717 1630 2746 ὑπο-

920 2760 1021 2790 θηκῶν.
1035 2762 1065 2791 αἱ
1086 2761 1220 2792 ὑποθηκαι
1237 2764 1277 2789 σῖ
1280 2772 1307 2789 αι
1323 2760 1454 2789 ἔστωσαν
1471 2760 1530 2794 τοῖς
1547 2757 1631 2789 δανεί-

920 2815 1002 2833 σασι.
1027 2805 1146 2834 Wotr.

962 2849 1008 2876 Τὰ
1031 2845 1058 2876 δὲ
1079 2845 1286 2886 πεςιγενόμενα]
1312 2847 1420 2875 Utrum
1437 2843 1468 2873 ἐκ
1482 2845 1532 2877 τῆς
1547 2854 1629 2873 ναυα-

922 2887 997 2928 γίας,
1013 2888 1027 2919 ἧ
1050 2892 1105 2919 τῶν
1128 2887 1321 2928 ὑποκειμένων.
1367 2889 1488 2925 Fateor,
1500 2897 1548 2917 me
1565 2887 1631 2916 haeo
