1912 3187
606 380 650 432 I.
716 375 1219 430 TAYLORI

713 524 1111 569 PRAEFATIO

880 659 943 687 AD

228 766 814 836 ORATIONEM
884 763 1597 833 DEMOSTHENIS

505 924 771 969 CONTRA
800 921 1326 968 ARISTOCRATEM.

185 1051 321 1088 BENE
348 1049 563 1089 mehercule
595 1049 646 1088 ab
668 1049 911 1087 Aristocrate
931 1047 999 1085 illo
1019 1047 1181 1098 factum,
1217 1046 1338 1098 quod,
1371 1060 1460 1086 cum
1490 1048 1564 1086 hac
1583 1062 1645 1087 ro-

184 1112 338 1161 gatione
355 1111 631 1150 Charidemum
651 1123 788 1148 ornare
808 1109 945 1155 voluit,
962 1109 1092 1146 locum
1113 1108 1223 1146 dedit
1241 1108 1509 1146 illustrissimae
1527 1110 1649 1153 Quae-

185 1172 301 1210 stioni
319 1178 358 1210 et
376 1173 543 1222 graviter
563 1178 603 1210 et
620 1171 837 1223 perutiliter
856 1185 879 1209 a
894 1170 1160 1208 Demosthene
1180 1170 1410 1208 tractandae.
1467 1171 1646 1209 Perutili-

186 1238 245 1271 ter
275 1246 380 1281 sane,
400 1247 490 1272 cum
517 1247 563 1272 ea
592 1247 710 1272 causa
741 1238 802 1272 tot
829 1235 935 1283 leges
965 1232 1257 1282 sapientissimae
1288 1232 1402 1283 Reip.
1433 1246 1647 1283 earumque

185 1294 422 1332 luculentam
455 1295 727 1333 tractationem
764 1293 876 1332 nobis
912 1294 1132 1342 nostrisque
1170 1293 1305 1331 usibus
1342 1295 1646 1341 conservaverit,

186 1361 285 1405 quot
305 1355 343 1393 in
363 1355 447 1405 pari
466 1356 614 1393 ambitu
635 1354 835 1394 Orationis
856 1355 915 1391 vix
941 1353 1034 1391 alibi
1054 1353 1234 1403 produci,
1255 1353 1397 1392 nedum
1420 1356 1562 1404 exponi
1580 1361 1650 1393 aut

185 1417 371 1455 elucidari
388 1416 528 1454 videas.
577 1418 692 1467 AEgre
709 1416 807 1454 feret
826 1416 968 1453 Lector
987 1421 1119 1453 noster
1131 1414 1318 1462 eruditus,
1334 1429 1374 1453 se
1394 1429 1416 1454 a
1433 1429 1493 1454 me
1514 1416 1650 1454 admo-

184 1477 279 1523 neri,
302 1484 492 1527 quantum
521 1478 570 1515 ad
600 1478 700 1516 hanc
729 1477 960 1515 Orationem
992 1482 1098 1514 recte
1131 1476 1418 1526 intelligendam
1441 1477 1650 1515 conferant

185 1538 400 1576 doctissimi
422 1539 515 1586 Viri,
535 1545 574 1577 et
603 1540 651 1576 de
679 1539 772 1577 Jure
801 1537 877 1575 1100
907 1542 1039 1575 nostro
1059 1537 1245 1587 praeelare
1269 1538 1408 1584 meriti,
1431 1539 1473 1576 S.
1496 1539 1648 1578 Potitus

184 1600 264 1638 LL.
287 1600 408 1638 Attic.
430 1601 472 1639 L.
494 1601 584 1637 VII.
603 1601 685 1639 Tit.
706 1605 745 1639 1.
766 1613 854 1638 cum
875 1599 1194 1638 annotationibus
1210 1600 1474 1646 eruditissimi,
1496 1602 1652 1640 amicis-

185 1661 349 1711 simique
362 1662 621 1712 Wesselingii,
638 1662 778 1700 Claud.
793 1662 1003 1700 Salmasius
1018 1661 1067 1699 de
1085 1661 1210 1699 Modo
1227 1662 1439 1701 Usurarum
1457 1665 1502 1703 C.
1518 1664 1649 1703 XVII.

185 1722 381 1760 Heraldus
402 1723 570 1773 denique
591 1723 794 1761 Animadv.
816 1723 853 1761 iu
875 1723 1038 1762 Salmas.
1060 1723 1103 1762 L.
1119 1722 1189 1761 IV.
1212 1723 1257 1761 C.
1281 1725 1327 1761 V.

238 1784 303 1821 Ab
325 1785 399 1822 1100
427 1784 663 1822 Criticorum
683 1785 779 1835 pari,
801 1785 1033 1823 Salmasium
1054 1784 1230 1834 intelligo
1250 1790 1290 1823 et
1309 1785 1535 1832 Heraldum,
1558 1800 1648 1825 cum

186 1845 306 1883 multa
324 1846 464 1884 acriter
482 1852 522 1883 et
542 1845 691 1883 erudite
712 1845 894 1895 utrinque
915 1845 1177 1895 disputantur,
1199 1859 1288 1895 quae
1309 1846 1358 1884 ad
1379 1860 1536 1884 causam
1558 1848 1648 1885 Ari-

185 1914 420 1946 stocrateam
440 1907 678 1958 pertingunt,
700 1914 782 1945 tum
798 1907 893 1944 illud
915 1907 1115 1957 imprimiS,
1137 1908 1244 1957 quod
1266 1908 1378 1946 istius
1400 1922 1529 1946 causae
1548 1922 1648 1959 pene

185 1981 372 2007 summam
399 1982 476 2006 non
505 1968 754 2006 mediocriter
780 1967 925 2007 afficit:
957 1968 1160 2015 Nimirum,
1180 1982 1270 2006 cum
1296 1969 1333 2007 in
1357 1983 1425 2007 sua
1445 1971 1646 2020 rogatione

186 2029 385 2080 scripserit
410 2029 700 2068 Aristocrates:
733 2040 1012 2079 91110οΝ900
1049 2040 1378 2068 CHARIDEMUM
1413 2042 1647 2070 INTERFE-

187 2101 342 2136 CER1T‚
366 2102 464 2129 EUM
489 2102 550 2129 Ex
574 2102 790 2129 OMNIBUS
815 2101 1066 2137 GENTmUS,
1089 2102 1193 2140 QUAE
1225 2102 1425 2130 FOEDERE
1459 2104 1516 2131 ET
1540 2105 1650 2131 AMIw

189 2162 320 2190 cr'rrA
344 2163 441 2190 ch
473 2164 513 2190 P.
535 2163 577 2190 A.
611 2162 902 2190 coNJUNCTAE
938 2162 1139 2199 FORENT,
1171 2152 1449 2193 AFssFIMON
1478 2155 1645 2201 EINAI,

188 2213 283 2263 quid
304 2227 372 2264 per
387 2213 484 2251 illud
497 2215 696 2264 ἀγώγιμον
717 2213 936 2251 necessario
958 2213 1008 2251 sit
1028 2213 1335 2264 intelligendum,
1354 2215 1439 2252 scil.
1456 2215 1551 2265 quid
1567 2216 1649 2253 cui-

186 2274 242 2311 vis
263 2274 301 2311 in
322 2287 410 2312 eum
430 2274 627 2311 hominem
648 2275 800 2322 liceret,
825 2275 893 2324 qui
910 2275 1186 2313 Charidemum
1204 2276 1283 2313 leto
1300 2275 1464 2314 dederit.
1512 2277 1646 2316 Fuisse

184 2336 421 2384 Ἀπαγωγὴν
450 2336 488 2372 111
517 2336 828 2386 Jurisprudentia
848 2337 994 2383 Attica,
1018 2335 1127 2374 istius
1148 2336 1251 2374 Juris
1281 2336 1397 2386 periti
1428 2338 1552 2387 probe
1574 2352 1645 2376 no-

185 2404 298 2435 runt:
328 2403 471 2435 norunt
491 2397 621 2443 etiam,
642 2397 739 2447 quid
760 2398 834 2435 sibi
856 2398 962 2444 velit,
983 2403 1022 2436 et
1043 2398 1209 2447 qualiter
1229 2399 1463 2438 exercenda.
1520 2400 1649 2438 Nimi-

186 2474 285 2507 rum,
301 2462 445 2510 injecta
465 2472 580 2497 manu
595 2473 699 2497 reum
721 2461 846 2510 injus
864 2459 1013 2506 ducere,
1033 2465 1079 2497 ut
1100 2460 1155 2497 ibi
1175 2460 1389 2511 legitimum
1408 2462 1648 2511 suppliciam

183 2521 229 2559 de
248 2534 288 2558 eo
308 2526 511 2559 sumatur:
538 2528 727 2571 praeterea
748 2521 855 2557 1111111.
903 2523 1035 2570 Atque
1055 2521 1094 2558 in
1112 2522 1201 2568 hoc,
1223 2522 1358 2568 credo,
1381 2524 1646 2572 consentiunt,

186 2582 253 2631 qui
274 2582 312 2619 in
333 2583 512 2620 omnibus
532 2582 612 2620 fere
633 2582 716 2619 aliis
737 2581 940 2619 dissentire
961 2583 1062 2620 inter
1077 2595 1117 2620 se
1137 2583 1330 2622 videntur.
1387 2586 1588 2630 Attamen,
1613 2586 1646 2623 si

186 2643 441 2681 Demostheni
462 2643 612 2688 credas,
628 2657 674 2680 ex
691 2643 764 2680 hac
781 2643 1033 2681 Aristocratis
1054 2644 1254 2694 rogatione
1272 2651 1512 2696 sequeretur,
1530 2646 1649 2683 incle-

185 2704 351 2742 mentius
372 2705 542 2752 omnino,
568 2710 608 2742 et
635 2704 829 2756 indignius
858 2705 1015 2742 tractari
1045 2705 1220 2755 potuisse
1242 2719 1344 2752 eum,
1367 2706 1434 2756 qui
1455 2706 1644 2743 Charide-

185 2778 288 2803 mum
307 2765 558 2813 interfecerit,
581 2779 698 2816 quam
727 2766 925 2804 communi
958 2766 1032 2804 isto
1059 2768 1271 2816 ἀπαγωγῆς
1300 2768 1378 2806 ritu
1408 2767 1447 2804 in
1470 2767 1645 2815 quemvis

183 2826 300 2863 alium
316 2826 509 2866 ordinario
529 2835 612 2866 erat
632 2834 834 2866 statutum.
891 2829 949 2865 Ita
971 2829 1072 2866 enim
1094 2828 1154 2866 ille
1171 2844 1181 2869 2
1211 2828 1250 2868 ἕν
1269 2845 1312 2877 γε
1332 2831 1379 2880 τῷ
1397 2833 1517 2864 ποιεῖν
1539 2829 1642 2876 ἀγώ-

189 2904 312 2938 γιμον,
341 2888 461 2936 πάνθ’,
490 2889 562 2928 ὅσα
590 2892 785 2941 ἀπείρηκεν
814 2891 832 2926 ὁ
863 2891 988 2941 νόμος,
1019 2888 1192 2937 δέδωκας,
1212 2892 1388 2940 χρήματα
1416 2888 1643 2941 πράξασθαι,
