1912 3187
233 125 340 176 518

644 132 1290 178 ΔΗΜΟΣΘΕΝΟΎΣ

324 249 394 280 τῶν
411 247 540 281 τούτων
561 248 728 281 ἁπάντων
746 250 799 281 καὶ
821 250 958 292 ἐγγείων
982 252 1035 282 καὶ
1058 253 1225 284 ναυτικῶν
1243 251 1423 291 πανταχοῦ
1445 248 1532 281 ὅπου
1551 245 1595 280 ἂν
1615 247 1687 285 ὦσι,

326 295 479 337 καθάπερ
505 294 600 334 δίκην
623 296 824 337 ὠφληκότων
846 297 899 327 καὶ
924 296 1140 340 ὑπερημέρων
1164 299 1284 335 ὄντων,
1311 299 1363 328 καὶ
1391 296 1438 327 ἑνὶ
1462 294 1602 337 ἑκατέρῳ
1619 298 1687 327 τῶν

327 340 554 374 δανεισάντων
569 343 621 373 καὶ
640 341 843 384 ἀμφοτέροις.
858 342 917 373 ἐὰν
932 342 963 373 δὲ
979 346 1025 384 μι)
1046 343 1227 384 ιἐκβάλωσι
1243 345 1420 386 μείναντες
1433 342 1487 373 ἐπὶ
1499 344 1555 380 νηῗ
1566 341 1688 384 ἡμέρας

329 386 404 419 δέκα
427 388 462 420 ἐν
479 387 737 430 Ἑλλησπόντῳ,
761 388 945 430 ἐξελόμενοι
963 389 1048 421 ὅπου
1065 391 1110 421 ἂν
1126 392 1172 432 μὴ
1194 390 1294 421 σῦλαι
1317 385 1398 421 ὦσιν
1412 388 1617 429 Ἀθηναίοις,
1637 389 1689 420 καὶ

623 475 630 494 ¹
645 473 804 506 εἰσβάλωσι
818 472 962 514 μείναντες
979 474 997 492 ““
1008 476 1056 505 τὴν
1071 472 1118 503 ἐπὶ
1135 474 1191 503 κυνὶ
1205 473 1308 515 ὴμέρας

229 558 278 588 καὶ
296 558 330 589 ἐνὶ
347 559 413 588 sub.
424 557 456 588 τὸ
469 560 594 599 πξᾶγμσ.
609 558 694 598 κύςιον
709 557 797 588 ἔστω.
808 558 945 589 AUGER.

276 600 417 642 Ἐγγείων]
433 604 491 632 Per
501 602 598 640 ἔγγειοι
607 602 668 636 hic,
677 601 946 640 quaedistinguun-

233 649 285 674 tur
307 643 364 674 ἀπὸ
386 648 439 674 τῶν
461 646 604 679 ναυτικῶν,
620 644 721 683 palam
745 649 792 673 est
815 643 946 681 intelligi

233 688 348 716 debere
374 689 422 718 ’τὴν
446 687 554 725 {meta-v
578 686 680 722 οὐσίαν,
704 697 892 725 (ιυειόῠυᾳυε
918 687 946 715 in

231 728 359 768 praediis
377 741 436 769 qua
451 730 574 760 urbanis
588 740 647 768 qua
659 729 783 759 rusticis
797 729 948 759 consistit.

234 771 284 802 De
299 773 345 803 M.
366 772 402 802 U.
418 784 448 812 p.
466 775 516 802 86.
537 774 688 802 Samias.

278 814 340 845 Ἐὰν
356 816 384 845 δὲ
407 817 449 854 μὴ
471 814 627 844 εἶσέάλωσι
649 826 677 843 κ.
699 826 729 844 τ.
751 814 797 854 λ.]
833 815 947 844 Corru-

236 863 323 897 ptum
346 863 433 897 puto,
457 863 548 897 atque
571 858 766 887 scribendum
790 855 947 890 ἐκβάλωσι.

236 902 428 931 Conventuin
445 905 533 930 autea
555 901 666 935 fuerat,
688 900 715 929 si
735 901 857 938 jactura
874 900 948 928 suis-

235 947 283 974 set
304 944 395 979 fucta,
419 943 571 973 communi
600 947 755 973 vectorum
784 952 947 977 consensu,

234 987 328 1016 sortis
344 992 374 1017 et
395 996 554 1015 usurarum
576 991 694 1025 partem
712 984 946 1015 foeneratoribus

234 1039 292 1069 pro
308 1029 451 1069 portione
467 1029 682 1064 decessuram;
705 1032 808 1058 cetera
834 1033 947 1062 autem,

233 1082 302 1111 quae
319 1073 402 1101 salva
422 1071 452 1101 in
469 1076 591 1110 portum
605 1072 741 1101 Atticum
759 1071 885 1100 reducta
899 1080 947 1100 es-

234 1119 315 1149 sent,
331 1116 410 1145 bona
425 1115 483 1144 fide
495 1118 742 1154 reproesentatum
760 1113 808 1149 iri,
826 1118 860 1142 ut
875 1113 946 1143 inde

232 1158 439 1188 creditoribus
466 1157 639 1187 satisfieret.
694 1156 841 1195 Sequitur
867 1166 946 1185 nunc

232 1201 312 1231 alius
328 1211 430 1230 casus.
473 1200 556 1238 Quid
574 1201 600 1230 si
617 1199 710 1239 igitur
720 1201 871 1237 jacturam
887 1209 946 1228 non

231 1244 373 1278 fecerint,
392 1243 447 1273 sed
471 1253 540 1272 cum
556 1243 662 1272 deceni
683 1242 753 1272 dies
775 1242 805 1272 in
824 1241 946 1271 Helles-

233 1292 330 1326 ponto
360 1287 526 1316 durassent
561 1285 798 1325 tempestatibus
831 1285 945 1320 vexati,

234 1330 334 1359 coacti
351 1329 472 1359 tandem
491 1330 679 1359 exse-endere
693 1338 728 1358 ac
744 1338 863 1357 merces
875 1338 945 1357 suas

233 1372 266 1402 in
289 1377 401 1402 terram
425 1379 603 1410 exportare,
619 1371 719 1410 iisque
737 1371 805 1400 loco
831 1370 945 1409 aliquo,

233 1415 287 1445 ubi
312 1415 550 1445 Atheniensibus
578 1414 745 1444 invadendi
772 1414 800 1443 in
823 1414 945 1442 debito-

232 1469 300 1488 rum
319 1459 397 1487 bona
407 1460 461 1497 jus
480 1468 538 1487 non
554 1463 613 1493 est,
636 1457 801 1496 depositis,
821 1456 851 1486 in
874 1467 944 1494 por-

232 1507 296 1530 tum
314 1501 450 1530 Atticum
472 1501 646 1536 remearint,
664 1500 737 1539 quid
754 1496 826 1530 fiet?
864 1501 945 1529 Con-

232 1548 356 1574 ventum
374 1544 468 1583 igitur
484 1545 593 1579 suerat,
613 1554 650 1573 eo
672 1553 742 1572 casu
767 1552 874 1573 usuras
891 1553 944 1572 eos

232 1587 421 1621 reddituros,
443 1587 482 1615 de
502 1587 612 1625 quibus
640 1591 728 1615 antea
748 1593 942 1621 convenerat,

231 1630 299 1660 sine
316 1629 377 1658 ulla
397 1629 607 1659 diminutione.
655 1630 685 1658 Si
710 1629 804 1667 igitur
823 1629 943 1665 jactura

229 1673 311 1702 nulla
328 1673 407 1702 sacta
421 1673 539 1706 fuisset,
553 1672 606 1701 sed
624 1672 693 1701 nati
705 1672 810 1701 decem
824 1671 942 1700 dierum

231 1716 332 1754 spatio
349 1716 378 1744 in
395 1716 604 1754 Hellesponto
626 1714 857 1753 tempestatibus
879 1714 943 1752 agi-

229 1763 305 1794 tata,
331 1769 448 1788 merces
474 1757 504 1787 in
528 1763 639 1787 terram
662 1758 813 1796 depositae
830 1762 943 1792 essent,

230 1812 267 1832 ac
282 1806 390 1840 postea
405 1801 492 1831 navis
509 1801 539 1830 in
556 1800 724 1839 emporium
743 1800 879 1829 Atticum
894 1810 943 1828 re-

229 1854 321 1875 versa
347 1848 441 1880 esset,
472 1854 572 1873 usurae
603 1844 730 1882 integrae
760 1843 942 1881 praestandae

230 1892 328 1922 erant,
344 1897 400 1916 nec
416 1897 471 1926 pro
489 1887 605 1916 ratione
615 1887 754 1924 jacturae,
771 1896 838 1924 quae
861 1885 944 1914 nulla

229 1932 309 1960 sacta
330 1934 406 1965 erat,
422 1929 658 1959 minuendae.—-
672 1930 749 1958 Sane
766 1929 854 1964 illud,
876 1929 943 1958 sive

229 1972 389 2007 ἐκβάλωσι,
413 1972 480 2002 sive
504 1972 663 2005 εἰσβάλωσι
691 1971 841 2010 explicari
859 1981 942 2000 com-

230 2018 322 2046 mode
338 2016 513 2045 nullomodo
530 2019 642 2054 potest.
686 2014 832 2044 W'olfium
859 2014 942 2043 aliud

230 2059 332 2098 egisse
345 2059 388 2088 ait
404 2059 580 2093 Salmasius,
594 2068 661 2087 cum
684 2058 789 2092 vertit,
809 2059 852 2087 sin
876 2067 942 2086 one-

228 2103 340 2132 rarint.
385 2102 446 2131 Sed
476 2106 507 2130 et
534 2101 601 2140 ipse
633 2100 715 2130 aliud
746 2101 867 2139 agebat,
892 2105 943 2130 aut.

227 2150 313 2175 certe
329 2144 403 2174 satis
418 2145 538 2174 incaute
554 2144 770 2179 hariolabatur,
786 2154 854 2172 cum
866 2145 942 2173 neci·

226 2188 372 2226 piendum
386 2187 416 2216 id
433 2187 553 2216 diceret
567 2187 602 2216 de
619 2188 750 2226 ingressu
766 2188 797 2216 in
816 2185 942 2225 AEgeum

228 2240 262 2260 er
291 2230 486 2269 Hellesponto,
509 2230 642 2268 AEgeum
671 2239 753 2258 mare
778 2229 943 2265 somnians,

228 2274 269 2303 de
281 2284 341 2313 quo
355 2284 392 2303 ue
405 2273 530 2303 verbum
541 2272 663 2312 quidem
677 2273 706 2301 in
717 2272 901 2311 syngrapha,
912 2277 943 2301 et

228 2317 324 2346 verbo
341 2315 503 2348 εἰσβάλλειν
519 2315 769 2355 significationem
794 2325 853 2343 nou
868 2314 942 2344 satis

229 2360 432 2394 commodam,
461 2369 529 2388 cum
558 2359 620 2388 vim
647 2364 678 2388 et
706 2358 942 2396 impressionem

230 2401 344 2441 saepius
360 2401 501 2430 hostilem
520 2402 671 2440 designet.
718 2401 872 2439 Scriptum
885 2400 944 2439 igi-

229 2448 281 2474 tur
304 2444 459 2478 existimo,
486 2443 531 2473 ἐὰν
553 2443 580 2473 δὲ
606 2447 648 2482 μὴ
677 2443 835 2478 ἐκβάλωσι,
861 2443 944 2482 quod

230 2487 395 2517 admodum
423 2488 567 2516 convenit
596 2486 854 2525 praecedentibus.
882 2487 944 2515 Pro

229 2541 268 2560 eo
285 2534 384 2560 autem
401 2529 482 2568 quod
504 2531 652 2568 scriptum
676 2535 722 2559 est
746 2530 776 2558 in
805 2529 943 2568 pluribus

228 2573 302 2603 edd.
319 2571 366 2602 ἐπὶ
381 2572 447 2606 κυνὶ,
469 2573 551 2610 quod
573 2573 611 2601 de
634 2573 773 2601 canicula
792 2572 941 2610 iuterpre-

227 2621 342 2651 tantur,
364 2615 552 2644 retinendum
576 2620 661 2652 puto,
681 2614 727 2645 ἐπὶ
743 2615 793 2647 νηῒ,
810 2625 877 2654 quae
895 2619 942 2644 est

229 2659 356 2688 aliarum
373 2658 444 2687 edd.
458 2657 560 2693 lectio,
572 2667 678 2695 eaque,
694 2659 723 2686 ni
741 2658 828 2686 valde
840 2658 942 2692 fallor,

230 2701 337 2731 verior
357 2706 387 2730 et
414 2701 537 2730 certior.
583 2701 616 2729 Si
644 2700 739 2738 igitur
763 2700 791 2729 in
816 2700 941 2729 Helles-

230 2749 324 2783 ponto
342 2743 428 2773 navis
444 2754 500 2782 per
516 2743 559 2773 X.
574 2743 640 2772 dies
654 2743 767 2780 agitata
780 2742 881 2776 haesit,
898 2743 941 2772 ita

229 2792 264 2817 ut
276 2787 471 2816 exoneranda
482 2786 586 2821 fuerit,
599 2785 665 2814 sive
683 2786 772 2814 etiam
787 2786 827 2813 ibi
846 2786 939 2814 haese-

228 2829 281 2864 rit,
307 2841 363 2859 nec
387 2839 504 2859 merces
528 2828 653 2858 distrahi
670 2828 839 2867 potuerint,
856 2828 940 2866 (quae

228 2877 277 2902 est
301 2873 430 2902 sortasse
453 2872 556 2901 verior
578 2871 710 2912 opinio,)
730 2875 761 2899 et
785 2871 939 2899 mercibus

228 2914 259 2944 iu
285 2919 395 2945 terram
425 2914 576 2953 depositis
605 2918 776 2945 revertatur
800 2913 885 2942 navis
909 2913 939 2942 in

979 563 1099 597 portum
1117 558 1266 592 Atticum,
1282 557 1361 588 idem
1379 558 1447 592 erit,
1464 568 1500 588 ac
1514 558 1538 587 si
1552 568 1597 594 ea,
1612 568 1689 588 mer·

981 600 1067 629 cibus
1089 606 1140 630 aut
1162 600 1319 630 distractis
1343 607 1396 630 aut
1414 601 1617 635 commutatis,
1640 611 1688 631 re-

981 653 1070 672 versa
1096 644 1146 678 sit,
1170 649 1201 672 et
1224 644 1322 672 soenus
1345 644 1383 672 de
1400 654 1459 682 quo
1475 644 1617 673 convenit
1632 644 1689 673 erit

982 686 1174 716 solvendum.
1212 686 1272 714 Sed
1291 685 1362 724 quid
1380 686 1436 715 sibi
1453 687 1593 715 volebant
1611 696 1690 715 rner-

981 734 1101 758 catores
1125 729 1171 758 illi
1195 728 1240 758 his
1258 728 1373 763 verbis,
1399 729 1463 762 τοὺς
1487 728 1584 762 τόκους
1610 730 1690 758 ἀσο-

982 770 1078 800 δόντων
1099 773 1164 805 τοὶς
1186 770 1285 811 πέρυσι
1309 770 1467 810 γξαφὲντας
1487 771 1525 805 εἰς
1544 774 1593 802 τῖεν
1619 783 1690 808 συγ-

981 814 1107 853 γραφήνῖ
1151 815 1198 843 An
1211 814 1270 842 alia
1288 815 1383 843 suerat
1400 815 1478 843 inter
1493 825 1545 843 eos
1563 824 1690 854 syngra-

981 857 1041 895 pha
1057 867 1132 885 anno
1149 857 1292 886 anteriori
1311 857 1437 896 scripta,
1452 858 1502 886 ubi
1527 857 1566 886 de
1588 858 1689 887 usuris

981 899 1164 938 quibusdam
1181 899 1274 928 simili
1291 900 1320 928 in
1338 909 1410 929 casu
1431 904 1614 930 conventum
1640 910 1689 929 es-

981 940 1050 971 set?
1086 942 1124 971 Id
1143 942 1263 981 quidem
1285 942 1449 981 significari
1471 943 1611 980 vi(letur;
1635 953 1689 972 nec

981 994 1086 1014 verum
1100 989 1199 1014 tamen
1212 991 1273 1021 est,
1285 995 1354 1014 cum
1369 985 1424 1015 hac
1441 985 1576 1015 oratione
1593 996 1689 1025 expo-

980 1032 1052 1056 nant
1077 1027 1277 1057 soeneratores
1298 1033 1483 1057 mercatores
1504 1029 1689 1065 Phaselitas,

980 1079 1049 1099 curu
1067 1070 1178 1108 quibus
1195 1075 1418 1106 contraxerant,
1435 1077 1504 1099 ante
1521 1081 1590 1101 eum
1607 1072 1687 1101 diem

979 1112 1074 1142 fuisse
1095 1112 1153 1143 sibi
1175 1113 1357 1152 incognitos.
1402 1115 1504 1152 Quare
1519 1113 1626 1154 πέρυσι
1644 1115 1688 1145 ni·

981 1155 1022 1184 hil
1038 1155 1081 1184 ibi
1098 1156 1182 1185 aliud
1205 1157 1274 1193 erit,
1290 1166 1380 1195 quarn
1396 1162 1495 1192 antea,
1510 1157 1578 1187 sive
1598 1157 1690 1188 nwdo.

982 1199 1190 1229 HERALDUS.

1023 1241 1169 1276 Μείναντες
1184 1240 1231 1272 ἐπὶ
1249 1241 1289 1272 νηῒ
1306 1241 1410 1282 ἧμὲςας
1425 1240 1507 1283 δέκα]
1531 1243 1568 1272 F.
1581 1241 1628 1273 ἐπὶ
1641 1254 1690 1274 sw-

979 1283 1011 1313 νί.
1036 1285 1125 1323 Quod
1141 1295 1199 1314 non
1213 1289 1286 1324 puto
1298 1284 1359 1315 loci
1375 1295 1483 1315 nomen
1496 1287 1691 1325 esse,cujus-

979 1327 1063 1356 modi
1090 1333 1138 1356 est
1164 1328 1351 1367 κυνίσσημειῑ
1382 1329 1435 1357 sed
1466 1329 1610 1367 temporis
1638 1330 1692 1359 de-

980 1369 1193 1408 signationem,
1222 1380 1278 1409 pro
1313 1373 1394 1410 μετὰ
1428 1369 1473 1400 τὸν
1503 1372 1586 1406 Κύνα,
1620 1377 1692 1411 post

980 1418 1120 1442 exortum
1143 1413 1296 1443 Caniculae
1312 1425 1318 1443 z
1342 1414 1424 1452 quod
1441 1414 1497 1443 sub
1516 1421 1691 1445 autumnum

979 1456 1154 1494 periculosa
1163 1461 1208 1485 est
1219 1457 1384 1495 navigatio.
1401 1457 1557 1492 Canicula,
1567 1463 1691 1487 auctore

980 1499 1159 1534 Ptolemaeo,
1171 1501 1201 1529 5.
1216 1499 1281 1529 Cal.
1296 1500 1441 1538 Augusti,
1457 1502 1606 1529 Arcturus
1622 1511 1691 1531 curn

981 1542 1189 1571 Vindemitore
1220 1547 1250 1573 4.
1285 1543 1366 1571 Non.
1397 1542 1554 1581 Septemb.
1585 1543 1691 1572 oritur.

981 1585 1200 1623 Ephemerides
1218 1589 1331 1614 nostrae
1349 1585 1459 1620 aetatis,
1474 1585 1627 1614 Caniculae
1644 1596 1692 1615 or-

978 1631 1042 1656 tum
1068 1637 1085 1656 a
1111 1628 1210 1657 Nonis
1233 1628 1308 1658 Julii
1336 1628 1460 1657 circiter
1487 1627 1692 1666 auspicantur,

977 1670 1105 1708 diesque
1129 1670 1315 1699 caniculares
1340 1670 1442 1699 medio
1466 1670 1530 1700 sere
1550 1672 1691 1710 Augusto

978 1713 1151 1742 terminant.
1174 1713 1300 1743 YVotr.

1022 1756 1220 1796 Συλλάλῶα-ιν]
1245 1757 1328 1796 Lege
1353 1767 1420 1786 cum
1446 1758 1691 1796 Harpocratione

978 1797 1064 1827 σύλαι
1094 1795 1171 1827 οἶσιν.
1228 1800 1373 1829 Benenati
1411 1800 1508 1829 editio
1543 1801 1633 1830 habet
1662 1802 1691 1831 in

977 1841 1113 1878 margine
1137 1842 1326 1881 adscriptum
1343 1842 1420 1871 σύλα
1441 1840 1519 1872 α’ἷσιν.
1567 1844 1691 1882 Harpo-

978 1883 1095 1913 cration
1128 1884 1252 1914 videtur
1289 1885 1460 1923 intelligere
1488 1886 1692 1926 clarigationes

978 1937 1045 1961 seu,
1072 1932 1105 1956 ut
1129 1928 1272 1964 dicimus,
1294 1928 1484 1967 repwsoisses,
1506 1930 1586 1967 qnod
1608 1939 1691 1958 com-

977 1971 1100 1999 modum
1118 1971 1190 1999 satis
1205 1971 1298 2000 habet
1322 1981 1457 2007 sensum,
1479 1977 1509 2000 et
1533 1971 1576 2000 sic
1599 1971 1691 2002 sentit

977 2013 1068 2042 etiam
1085 2013 1128 2042 H.
1145 2014 1327 2052 Stephanus.
1352 2014 1518 2044 Psimuzn.

1017 2055 1082 2085 Ἐὰν
1098 2055 1125 2085 δὲ
1241 2058 1284 2095 μῗν,
1299 2056 1386 2086 σέλαι
1402 2053 1469 2086 ἕσιν
1486 2057 1544 2091 τοῖς
1558 2055 1689 2087 Ἀθηναί-

976 2099 1028 2139 οις]
1053 2099 1130 2135 Quae
1148 2099 1193 2128 sic
1210 2099 1352 2128 vertenda
1378 2104 1466 2129 sunt:
1493 2100 1523 2129 Si
1545 2109 1609 2129 vero
1632 2111 1690 2130 uon

976 2143 1096 2182 ingressi
1112 2141 1237 2182 fuerint
1260 2152 1338 2171 mare
1360 2142 1508 2182 AEga'um,
1528 2149 1691 2180 exspectan-

976 2189 1016 2214 tes
1031 2186 1127 2214 decem
1142 2196 1159 2214 α
1179 2186 1261 2214 cauis
1283 2190 1351 2214 ortu
1366 2186 1424 2214 dies
1443 2186 1473 2214 in
1493 2185 1690 2223 Hellesponto,

975 2237 1048 2257 nave
1074 2233 1228 2257 exonerata
1257 2237 1287 2256 eo
1316 2228 1371 2257 loci
1395 2228 1446 2257 ubi
1472 2228 1693 2259 Atheniensibus

976 2270 1150 2308 direptiones
1172 2280 1306 2300 concessae
1334 2281 1390 2299 non
1415 2276 1496 2305 sunt,
1512 2278 1598 2309 atque
1623 2272 1692 2301 inde

976 2313 1108 2343 Athenas
1132 2314 1389 2354 reret-sifuerint,
1417 2319 1480 2343 tum
1509 2323 1556 2342 eos
1584 2323 1691 2344 usuros

974 2357 1170 2394 persolvunto,
1188 2357 1222 2385 de
1237 2356 1340 2396 quibus
1362 2357 1391 2385 in
1407 2355 1576 2396 syngrapha
1591 2366 1691 2386 conve-

976 2400 1054 2428 nerit
1069 2409 1146 2428 anno
1160 2400 1320 2437 praeterito.
1355 2399 1446 2428 Soliti
1464 2399 1578 2437 quippe
1595 2399 1691 2429 Athe-

977 2441 1099 2471 nienses
1114 2452 1296 2481 quocunque
1310 2442 1340 2471 in
1354 2442 1435 2476 loco,
1451 2442 1501 2471 ubi
1518 2442 1604 2471 σύλάι
1620 2443 1690 2480 jure

978 2495 1011 2514 se
1040 2485 1150 2513 habere
1181 2489 1335 2523 putarent,
1361 2495 1453 2514 naves
1474 2484 1623 2523 diripere,
1652 2486 1692 2514 ad

979 2538 1175 2566 quoscunque
1187 2527 1388 2566 pertinerent.
1412 2527 1474 2556 Sed
1486 2527 1583 2563 dices,
1595 2527 1689 2565 qnid?

979 2581 1075 2599 annon
1102 2571 1152 2599 isti
1174 2576 1358 2599 mercatores
1377 2570 1604 2600 Athenienses?
1628 2570 1690 2599 Cur

978 2613 1073 2651 igitur
1087 2613 1194 2642 timent
1210 2623 1312 2642 eorum
1333 2613 1502 2642 creditores
1519 2623 1557 2641 ne
1579 2612 1688 2651 diripi-

977 2662 1064 2685 antur
1077 2657 1114 2684 ab
1130 2655 1387 2685 Atheniensibus?
1412 2656 1509 2684 Immo
1526 2655 1687 2684 Pliaselitae

977 2699 1074 2734 fuere,
1100 2709 1158 2727 non
1182 2699 1400 2734 Athenienses,
1428 2702 1459 2726 et
1480 2698 1624 2726 videntur
1649 2708 1686 2727 eo

976 2746 1113 2780 tempore
1141 2741 1380 2770 Atheniensibus
1403 2740 1481 2769 datae
1502 2739 1588 2769 σύλαι
1614 2750 1687 2770 con-

977 2789 1022 2813 tra
1056 2784 1239 2813 Phaselitas.
1285 2783 1343 2812 Isti
1373 2782 1496 2820 quidem
1522 2783 1687 2813 Phaselitae

976 2826 1182 2865 negotiatores
1210 2825 1318 2854 vinarii
1342 2825 1470 2854 Athenis
1489 2826 1628 2855 exierant
1648 2827 1685 2855 ad

976 2874 1153 2902 mereatum,
1170 2872 1198 2896 et
1220 2868 1378 2906 pecuniam
1395 2869 1432 2897 ab
1454 2868 1687 2898 Atheniensibus

976 2911 1209 2942 t'oeueratoribus
1226 2916 1398 2942 sumserunt
1414 2916 1548 2942 mutuam
1564 2912 1686 2941 nautico
