<?xml version="1.0" encoding="UTF-8"?>
<!DOCTYPE html PUBLIC "-//W3C//DTD XHTML 1.0 Transitional//EN"
    "http://www.w3.org/TR/xhtml1/DTD/xhtml1-transitional.dtd">
<html xmlns="http://www.w3.org/1999/xhtml" xml:lang="en" lang="en">
 <head>
  <title>
</title>
<meta http-equiv="Content-Type" content="text/html;charset=utf-8" />
  <meta name='ocr-system' content='tesseract 3.04.00' />
  <meta name='ocr-capabilities' content='ocr_page ocr_carea ocr_par ocr_line ocrx_word'/>
</head>
<body>
  <div class='ocr_page' id='page_1' title='image "./oratoresatticie07dobs_0527.png"; bbox 0 0 1912 3187; ppageno 0'>
   <div class='ocr_carea' id='block_1_1' title="bbox 323 136 1410 181">
    <p class='ocr_par' dir='ltr' id='par_1_1' title="bbox 323 136 1410 181">
     <span class='ocr_line' id='line_1_1' title="bbox 323 136 1410 181; baseline -0.003 0"><span class='ocrx_word' id='word_1_1' title='bbox 323 137 533 181; x_wconf 90' lang='grc' dir='ltr'><strong>ΠΡΟΣ</strong></span> <span class='ocrx_word' id='word_1_2' title='bbox 591 136 1023 180; x_wconf 87' lang='grc' dir='ltr'><strong>ΛΑΚΡΙΤΟὙ</strong></span> <span class='ocrx_word' id='word_1_3' title='bbox 1081 137 1410 179; x_wconf 88' lang='grc' dir='ltr'><strong>ΠΑΡΑΓΡ.</strong></span> 
     </span>
    </p>
   </div>
   <div class='ocr_carea' id='block_1_2' title="bbox 1514 125 1621 177">
    <p class='ocr_par' dir='ltr' id='par_1_2' title="bbox 1514 125 1621 177">
     <span class='ocr_line' id='line_1_2' title="bbox 1514 125 1621 177; baseline -0.037 0"><span class='ocrx_word' id='word_1_4' title='bbox 1514 125 1621 177; x_wconf 83' lang='grc'>515</span> 
     </span>
    </p>
   </div>
   <div class='ocr_carea' id='block_1_3' title="bbox 261 248 1622 340">
    <p class='ocr_par' dir='ltr' id='par_1_3' title="bbox 261 248 1622 340">
     <span class='ocr_line' id='line_1_3' title="bbox 263 248 1622 295; baseline -0.004 -11"><span class='ocrx_word' id='word_1_5' title='bbox 263 251 314 284; x_wconf 75' lang='grc' dir='ltr'>ἐπ’</span> <span class='ocrx_word' id='word_1_6' title='bbox 328 252 482 295; x_wconf 60' lang='lat' dir='ltr'>deterso&amp;</span> <span class='ocrx_word' id='word_1_7' title='bbox 498 251 592 295; x_wconf 80' lang='grc' dir='ltr'>μέχρι</span> <span class='ocrx_word' id='word_1_8' title='bbox 611 251 836 294; x_wconf 81' lang='grc' dir='ltr'>Βορυσθένους</span> <span class='ocrx_word' id='word_1_9' title='bbox 851 251 904 282; x_wconf 81' lang='grc' dir='ltr'>καὶ</span> <span class='ocrx_word' id='word_1_10' title='bbox 922 250 1028 282; x_wconf 82' lang='grc' dir='ltr'>πάλιν</span> <span class='ocrx_word' id='word_1_11' title='bbox 1040 250 1251 289; x_wconf 67' lang='grc' dir='ltr'><em>Ἀἓὴναζε,’</em></span> <span class='ocrx_word' id='word_1_12' title='bbox 1240 252 1295 281; x_wconf 80' lang='grc' dir='ltr'>επὶ</span> <span class='ocrx_word' id='word_1_13' title='bbox 1313 250 1491 288; x_wconf 76' lang='grc' dir='ltr'><em>διακοσίαις</em></span> <span class='ocrx_word' id='word_1_14' title='bbox 1508 248 1553 281; x_wconf 68' lang='lat' dir='ltr'>tite</span> <span class='ocrx_word' id='word_1_15' title='bbox 1555 259 1622 280; x_wconf 86' lang='grc' dir='ltr'>οσι-</span> 
     </span>
     <span class='ocr_line' id='line_1_4' title="bbox 261 293 1616 340; baseline -0.004 -9"><span class='ocrx_word' id='word_1_16' title='bbox 261 299 361 331; x_wconf 81' lang='grc' dir='ltr'>πέντε</span> <span class='ocrx_word' id='word_1_17' title='bbox 379 300 439 336; x_wconf 83' lang='grc' dir='ltr'>τὰς</span> <span class='ocrx_word' id='word_1_18' title='bbox 458 299 582 340; x_wconf 82' lang='grc' dir='ltr'>χιλίας.</span> <span class='ocrx_word' id='word_1_19' title='bbox 603 299 662 330; x_wconf 81' lang='grc' dir='ltr'>ἐὰν</span> <span class='ocrx_word' id='word_1_20' title='bbox 685 297 716 329; x_wconf 82' lang='grc' dir='ltr'>δὲ</span> <span class='ocrx_word' id='word_1_21' title='bbox 739 297 810 340; x_wconf 85' lang='grc' dir='ltr'><em>μετ’</em></span> <span class='ocrx_word' id='word_1_22' title='bbox 825 297 1027 329; x_wconf 65' lang='lat' dir='ltr'>&#39;Aoaerofimv</span> <span class='ocrx_word' id='word_1_23' title='bbox 1043 297 1266 330; x_wconf 77' lang='grc' dir='ltr'>ἑκπλευσωσιν</span> <span class='ocrx_word' id='word_1_24' title='bbox 1289 298 1323 328; x_wconf 80' lang='grc' dir='ltr'>ἐκ</span> <span class='ocrx_word' id='word_1_25' title='bbox 1346 300 1403 328; x_wconf 76' lang='grc' dir='ltr'>τοῦ</span> <span class='ocrx_word' id='word_1_26' title='bbox 1421 297 1553 328; x_wconf 83' lang='grc' dir='ltr'>Πόντου</span> <span class='ocrx_word' id='word_1_27' title='bbox 1573 293 1616 336; x_wconf 80' lang='grc' dir='ltr'>ἐφ’</span> 
     </span>
    </p>
   </div>
   <div class='ocr_carea' id='block_1_4' title="bbox 170 399 897 2898">
    <p class='ocr_par' dir='ltr' id='par_1_4' title="bbox 170 399 897 2898">
     <span class='ocr_line' id='line_1_5' title="bbox 170 399 878 441; baseline -0.003 -9"><span class='ocrx_word' id='word_1_28' title='bbox 170 399 321 441; x_wconf 54' lang='lat' dir='ltr'>{virg-trev,</span> <span class='ocrx_word' id='word_1_29' title='bbox 334 401 399 431; x_wconf 81' lang='lat' dir='ltr'>sive</span> <span class='ocrx_word' id='word_1_30' title='bbox 416 411 504 440; x_wconf 86' lang='lat' dir='ltr'>quem</span> <span class='ocrx_word' id='word_1_31' title='bbox 521 400 612 431; x_wconf 87' lang='lat' dir='ltr'>alium</span> <span class='ocrx_word' id='word_1_32' title='bbox 626 401 697 431; x_wconf 90' lang='lat' dir='ltr'>inde</span> <span class='ocrx_word' id='word_1_33' title='bbox 713 411 780 431; x_wconf 87' lang='lat' dir='ltr'>esse</span> <span class='ocrx_word' id='word_1_34' title='bbox 797 401 878 430; x_wconf 90' lang='lat' dir='ltr'>able-</span> 
     </span>
     <span class='ocr_line' id='line_1_6' title="bbox 171 444 879 483; baseline -0.001 -10"><span class='ocrx_word' id='word_1_35' title='bbox 171 445 313 483; x_wconf 84' lang='lat' dir='ltr'>gandum.</span> <span class='ocrx_word' id='word_1_36' title='bbox 349 444 529 483; x_wconf 72' lang='lat' dir='ltr'>Syngrapha</span> <span class='ocrx_word' id='word_1_37' title='bbox 545 444 599 473; x_wconf 90' lang='lat' dir='ltr'>illa</span> <span class='ocrx_word' id='word_1_38' title='bbox 614 449 680 473; x_wconf 80' lang='lat' dir='ltr'>erat</span> <span class='ocrx_word' id='word_1_39' title='bbox 695 445 734 473; x_wconf 88' lang='lat' dir='ltr'>de</span> <span class='ocrx_word' id='word_1_40' title='bbox 752 444 879 483; x_wconf 85' lang='lat' dir='ltr'>pecunia</span> 
     </span>
     <span class='ocr_line' id='line_1_7' title="bbox 171 486 879 525; baseline -0.003 -9"><span class='ocrx_word' id='word_1_41' title='bbox 171 486 346 525; x_wconf 62' lang='lat' dir='ltr'>trajectithn,</span> <span class='ocrx_word' id='word_1_42' title='bbox 361 486 426 515; x_wconf 81' lang='lat' dir='ltr'>sive</span> <span class='ocrx_word' id='word_1_43' title='bbox 441 486 556 514; x_wconf 85' lang='lat' dir='ltr'>foenore</span> <span class='ocrx_word' id='word_1_44' title='bbox 578 487 699 515; x_wconf 87' lang='lat' dir='ltr'>nautico</span> <span class='ocrx_word' id='word_1_45' title='bbox 717 487 797 519; x_wconf 88' lang='lat' dir='ltr'>data,</span> <span class='ocrx_word' id='word_1_46' title='bbox 819 486 879 524; x_wconf 78' lang='grc' dir='ltr'>ἆμ-</span> 
     </span>
     <span class='ocr_line' id='line_1_8' title="bbox 171 527 880 568; baseline -0.003 -10"><span class='ocrx_word' id='word_1_47' title='bbox 171 528 373 568; x_wconf 74' lang='grc' dir='ltr'>φοτερόω-λουν.</span> <span class='ocrx_word' id='word_1_48' title='bbox 416 529 607 566; x_wconf 82' lang='lat' dir='ltr'><strong>Quandoque</strong></span> <span class='ocrx_word' id='word_1_49' title='bbox 624 527 753 566; x_wconf 78' lang='grc' dir='ltr'>ἐδάνειζον</span> <span class='ocrx_word' id='word_1_50' title='bbox 767 530 807 557; x_wconf 75' lang='grc' dir='ltr'>τὰ</span> <span class='ocrx_word' id='word_1_51' title='bbox 820 527 880 556; x_wconf 78' lang='grc' dir='ltr'>ἑτε-</span> 
     </span>
     <span class='ocr_line' id='line_1_9' title="bbox 171 569 880 610; baseline 0 -11"><span class='ocrx_word' id='word_1_52' title='bbox 171 570 300 610; x_wconf 68' lang='grc' dir='ltr'>ξὸπλοια,</span> <span class='ocrx_word' id='word_1_53' title='bbox 315 570 495 609; x_wconf 86' lang='lat' dir='ltr'>quandoque</span> <span class='ocrx_word' id='word_1_54' title='bbox 515 570 753 610; x_wconf 70' lang='grc' dir='ltr'>ἀμφοτεξόπνλουν</span> <span class='ocrx_word' id='word_1_55' title='bbox 766 572 804 599; x_wconf 76' lang='grc' dir='ltr'>τὰ</span> <span class='ocrx_word' id='word_1_56' title='bbox 820 569 880 599; x_wconf 82' lang='grc' dir='ltr'>ἑτε-</span> 
     </span>
     <span class='ocr_line' id='line_1_10' title="bbox 171 613 881 652; baseline 0 -11"><span class='ocrx_word' id='word_1_57' title='bbox 171 613 304 651; x_wconf 54' lang='lat' dir='ltr'>peu-maa,</span> <span class='ocrx_word' id='word_1_58' title='bbox 321 613 439 651; x_wconf 86' lang='lat' dir='ltr'>quaudo</span> <span class='ocrx_word' id='word_1_59' title='bbox 457 623 493 642; x_wconf 93' lang='lat' dir='ltr'>eo</span> <span class='ocrx_word' id='word_1_60' title='bbox 517 613 596 648; x_wconf 87' lang='lat' dir='ltr'>loco,</span> <span class='ocrx_word' id='word_1_61' title='bbox 617 624 676 652; x_wconf 90' lang='lat' dir='ltr'>quo</span> <span class='ocrx_word' id='word_1_62' title='bbox 694 613 881 643; x_wconf 87' lang='lat' dir='ltr'>vehebantur</span> 
     </span>
     <span class='ocr_line' id='line_1_11' title="bbox 171 655 880 694; baseline -0.001 -10"><span class='ocrx_word' id='word_1_63' title='bbox 171 664 301 689; x_wconf 84' lang='lat' dir='ltr'>merces,</span> <span class='ocrx_word' id='word_1_64' title='bbox 315 655 445 694; x_wconf 83' lang='lat' dir='ltr'>pecunia</span> <span class='ocrx_word' id='word_1_65' title='bbox 460 662 564 685; x_wconf 89' lang='lat' dir='ltr'>mutuo</span> <span class='ocrx_word' id='word_1_66' title='bbox 586 663 712 694; x_wconf 78' lang='lat' dir='ltr'>accepta</span> <span class='ocrx_word' id='word_1_67' title='bbox 735 655 880 685; x_wconf 78' lang='lat' dir='ltr'><strong>creditori</strong></span> 
     </span>
     <span class='ocr_line' id='line_1_12' title="bbox 172 697 880 732; baseline 0 -5"><span class='ocrx_word' id='word_1_68' title='bbox 172 697 330 727; x_wconf 84' lang='lat' dir='ltr'>reddenda</span> <span class='ocrx_word' id='word_1_69' title='bbox 354 702 418 727; x_wconf 80' lang='lat' dir='ltr'>erat</span> <span class='ocrx_word' id='word_1_70' title='bbox 439 708 506 727; x_wconf 83' lang='lat' dir='ltr'>cum</span> <span class='ocrx_word' id='word_1_71' title='bbox 539 698 653 732; x_wconf 84' lang='lat' dir='ltr'>usuris,</span> <span class='ocrx_word' id='word_1_72' title='bbox 679 698 706 726; x_wconf 86' lang='lat' dir='ltr'>si</span> <span class='ocrx_word' id='word_1_73' title='bbox 733 698 818 727; x_wconf 75' lang='lat' dir='ltr'>salva</span> <span class='ocrx_word' id='word_1_74' title='bbox 844 708 880 727; x_wconf 93' lang='lat' dir='ltr'>eo</span> 
     </span>
     <span class='ocr_line' id='line_1_13' title="bbox 170 739 880 780; baseline 0 -11"><span class='ocrx_word' id='word_1_75' title='bbox 170 740 343 779; x_wconf 80' lang='lat' dir='ltr'>appulisset</span> <span class='ocrx_word' id='word_1_76' title='bbox 357 740 505 769; x_wconf 84' lang='lat' dir='ltr'>navis.—</span> <span class='ocrx_word' id='word_1_77' title='bbox 518 741 579 777; x_wconf 91' lang='lat' dir='ltr'>Qui</span> <span class='ocrx_word' id='word_1_78' title='bbox 602 739 728 780; x_wconf 80' lang='grc' dir='ltr'>ἐδάνειζον</span> <span class='ocrx_word' id='word_1_79' title='bbox 749 742 880 779; x_wconf 72' lang='grc' dir='ltr'>ἀμφοτε-</span> 
     </span>
     <span class='ocr_line' id='line_1_14' title="bbox 172 781 879 822; baseline 0 -11"><span class='ocrx_word' id='word_1_80' title='bbox 172 781 296 822; x_wconf 80' lang='grc' dir='ltr'>ρόπλουν,</span> <span class='ocrx_word' id='word_1_81' title='bbox 316 783 463 812; x_wconf 80' lang='lat' dir='ltr'>creditam</span> <span class='ocrx_word' id='word_1_82' title='bbox 487 783 645 821; x_wconf 87' lang='lat' dir='ltr'>pecuniam</span> <span class='ocrx_word' id='word_1_83' title='bbox 670 793 728 812; x_wconf 90' lang='lat' dir='ltr'>non</span> <span class='ocrx_word' id='word_1_84' title='bbox 749 783 879 821; x_wconf 86' lang='lat' dir='ltr'>recipie-</span> 
     </span>
     <span class='ocr_line' id='line_1_15' title="bbox 176 825 880 863; baseline 0 -9"><span class='ocrx_word' id='word_1_85' title='bbox 176 826 260 860; x_wconf 82' lang='lat' dir='ltr'>bant,</span> <span class='ocrx_word' id='word_1_86' title='bbox 285 835 340 854; x_wconf 87' lang='lat' dir='ltr'>nec</span> <span class='ocrx_word' id='word_1_87' title='bbox 372 835 491 859; x_wconf 78' lang='lat' dir='ltr'>usuraS,</span> <span class='ocrx_word' id='word_1_88' title='bbox 515 825 574 855; x_wconf 89' lang='lat' dir='ltr'>nisi</span> <span class='ocrx_word' id='word_1_89' title='bbox 604 835 680 854; x_wconf 87' lang='lat' dir='ltr'>nave</span> <span class='ocrx_word' id='word_1_90' title='bbox 706 825 736 854; x_wconf 92' lang='lat' dir='ltr'>in</span> <span class='ocrx_word' id='word_1_91' title='bbox 759 830 880 863; x_wconf 89' lang='lat' dir='ltr'>portum</span> 
     </span>
     <span class='ocr_line' id='line_1_16' title="bbox 174 867 881 906; baseline 0 -10"><span class='ocrx_word' id='word_1_92' title='bbox 174 869 256 897; x_wconf 90' lang='lat' dir='ltr'>unde</span> <span class='ocrx_word' id='word_1_93' title='bbox 269 868 403 897; x_wconf 84' lang='lat' dir='ltr'>solverat</span> <span class='ocrx_word' id='word_1_94' title='bbox 417 877 553 897; x_wconf 89' lang='lat' dir='ltr'>reversa.</span> <span class='ocrx_word' id='word_1_95' title='bbox 598 869 674 897; x_wconf 89' lang='lat' dir='ltr'>Cum</span> <span class='ocrx_word' id='word_1_96' title='bbox 696 867 790 906; x_wconf 82' lang='lat' dir='ltr'>igitur</span> <span class='ocrx_word' id='word_1_97' title='bbox 805 873 881 897; x_wconf 80' lang='lat' dir='ltr'>tem-</span> 
     </span>
     <span class='ocr_line' id='line_1_17' title="bbox 170 910 882 949; baseline 0 -10"><span class='ocrx_word' id='word_1_98' title='bbox 170 920 232 949; x_wconf 83' lang='lat' dir='ltr'>pus</span> <span class='ocrx_word' id='word_1_99' title='bbox 248 910 396 939; x_wconf 86' lang='lat' dir='ltr'>incertum</span> <span class='ocrx_word' id='word_1_100' title='bbox 413 915 505 945; x_wconf 83' lang='lat' dir='ltr'>esset,</span> <span class='ocrx_word' id='word_1_101' title='bbox 522 920 583 949; x_wconf 91' lang='lat' dir='ltr'>quo</span> <span class='ocrx_word' id='word_1_102' title='bbox 598 910 685 940; x_wconf 86' lang='lat' dir='ltr'>navis</span> <span class='ocrx_word' id='word_1_103' title='bbox 701 920 737 939; x_wconf 89' lang='lat' dir='ltr'>eo</span> <span class='ocrx_word' id='word_1_104' title='bbox 754 920 882 948; x_wconf 78' lang='lat' dir='ltr'>perven-</span> 
     </span>
     <span class='ocr_line' id='line_1_18' title="bbox 173 952 882 992; baseline 0 -10"><span class='ocrx_word' id='word_1_105' title='bbox 173 957 243 983; x_wconf 82' lang='lat' dir='ltr'>tura</span> <span class='ocrx_word' id='word_1_106' title='bbox 257 957 351 987; x_wconf 83' lang='lat' dir='ltr'>esset,</span> <span class='ocrx_word' id='word_1_107' title='bbox 365 962 425 992; x_wconf 88' lang='lat' dir='ltr'>quo</span> <span class='ocrx_word' id='word_1_108' title='bbox 440 954 594 988; x_wconf 81' lang='lat' dir='ltr'><strong>tendebat,</strong></span> <span class='ocrx_word' id='word_1_109' title='bbox 618 957 670 982; x_wconf 80' lang='lat' dir='ltr'>aut</span> <span class='ocrx_word' id='word_1_110' title='bbox 689 952 811 982; x_wconf 88' lang='lat' dir='ltr'>domum</span> <span class='ocrx_word' id='word_1_111' title='bbox 835 963 882 982; x_wconf 86' lang='lat' dir='ltr'>re-</span> 
     </span>
     <span class='ocr_line' id='line_1_19' title="bbox 173 995 882 1034; baseline -0.001 -9"><span class='ocrx_word' id='word_1_112' title='bbox 173 1004 314 1031; x_wconf 83' lang='lat' dir='ltr'>versura,</span> <span class='ocrx_word' id='word_1_113' title='bbox 336 1005 395 1024; x_wconf 81' lang='lat' dir='ltr'>non</span> <span class='ocrx_word' id='word_1_114' title='bbox 417 999 538 1034; x_wconf 85' lang='lat' dir='ltr'>poterat</span> <span class='ocrx_word' id='word_1_115' title='bbox 567 995 713 1025; x_wconf 87' lang='lat' dir='ltr'>constitui</span> <span class='ocrx_word' id='word_1_116' title='bbox 738 1005 830 1024; x_wconf 91' lang='lat' dir='ltr'>usura</span> <span class='ocrx_word' id='word_1_117' title='bbox 850 995 882 1024; x_wconf 90' lang='lat' dir='ltr'>in</span> 
     </span>
     <span class='ocr_line' id='line_1_20' title="bbox 174 1037 883 1073; baseline -0.001 -6"><span class='ocrx_word' id='word_1_118' title='bbox 174 1038 257 1068; x_wconf 89' lang='lat' dir='ltr'>diem</span> <span class='ocrx_word' id='word_1_119' title='bbox 277 1042 406 1073; x_wconf 86' lang='lat' dir='ltr'>certum,</span> <span class='ocrx_word' id='word_1_120' title='bbox 421 1048 481 1067; x_wconf 90' lang='lat' dir='ltr'>non</span> <span class='ocrx_word' id='word_1_121' title='bbox 500 1038 531 1067; x_wconf 91' lang='lat' dir='ltr'>in</span> <span class='ocrx_word' id='word_1_122' title='bbox 549 1048 692 1072; x_wconf 87' lang='lat' dir='ltr'>mensem,</span> <span class='ocrx_word' id='word_1_123' title='bbox 708 1042 760 1066; x_wconf 87' lang='lat' dir='ltr'>aut</span> <span class='ocrx_word' id='word_1_124' title='bbox 778 1037 807 1066; x_wconf 90' lang='lat' dir='ltr'>in</span> <span class='ocrx_word' id='word_1_125' title='bbox 832 1047 883 1066; x_wconf 91' lang='lat' dir='ltr'>an-</span> 
     </span>
     <span class='ocr_line' id='line_1_21' title="bbox 172 1080 883 1116; baseline -0.003 -5"><span class='ocrx_word' id='word_1_126' title='bbox 172 1091 256 1116; x_wconf 89' lang='lat' dir='ltr'>num,</span> <span class='ocrx_word' id='word_1_127' title='bbox 273 1086 304 1109; x_wconf 91' lang='lat' dir='ltr'>et</span> <span class='ocrx_word' id='word_1_128' title='bbox 323 1080 392 1110; x_wconf 88' lang='lat' dir='ltr'>ideo</span> <span class='ocrx_word' id='word_1_129' title='bbox 407 1080 506 1110; x_wconf 89' lang='lat' dir='ltr'>nullus</span> <span class='ocrx_word' id='word_1_130' title='bbox 521 1085 586 1110; x_wconf 83' lang='lat' dir='ltr'>erat</span> <span class='ocrx_word' id='word_1_131' title='bbox 606 1090 707 1110; x_wconf 85' lang='lat' dir='ltr'>usurae</span> <span class='ocrx_word' id='word_1_132' title='bbox 725 1080 883 1109; x_wconf 66' lang='lat' dir='ltr'>maritimae</span> 
     </span>
     <span class='ocr_line' id='line_1_22' title="bbox 172 1121 884 1162; baseline -0.001 -9"><span class='ocrx_word' id='word_1_133' title='bbox 172 1124 292 1158; x_wconf 88' lang='lat' dir='ltr'>modus,</span> <span class='ocrx_word' id='word_1_134' title='bbox 308 1123 361 1152; x_wconf 90' lang='lat' dir='ltr'>sed</span> <span class='ocrx_word' id='word_1_135' title='bbox 383 1128 475 1162; x_wconf 87' lang='lat' dir='ltr'>prout</span> <span class='ocrx_word' id='word_1_136' title='bbox 497 1127 682 1153; x_wconf 83' lang='lat' dir='ltr'>convenerat</span> <span class='ocrx_word' id='word_1_137' title='bbox 705 1121 787 1152; x_wconf 86' lang='lat' dir='ltr'>inter</span> <span class='ocrx_word' id='word_1_138' title='bbox 811 1133 884 1152; x_wconf 90' lang='lat' dir='ltr'>con-</span> 
     </span>
     <span class='ocr_line' id='line_1_23' title="bbox 174 1165 884 1206; baseline 0 -11"><span class='ocrx_word' id='word_1_139' title='bbox 174 1167 338 1200; x_wconf 81' lang='lat' dir='ltr'>trahentes,</span> <span class='ocrx_word' id='word_1_140' title='bbox 353 1165 422 1206; x_wconf 82' lang='lat' dir='ltr'>(qui</span> <span class='ocrx_word' id='word_1_141' title='bbox 449 1175 506 1195; x_wconf 87' lang='lat' dir='ltr'>non</span> <span class='ocrx_word' id='word_1_142' title='bbox 530 1169 590 1195; x_wconf 87' lang='lat' dir='ltr'>tam</span> <span class='ocrx_word' id='word_1_143' title='bbox 617 1171 749 1204; x_wconf 83' lang='lat' dir='ltr'>tempus,</span> <span class='ocrx_word' id='word_1_144' title='bbox 769 1165 808 1196; x_wconf 89' lang='lat' dir='ltr'>de</span> <span class='ocrx_word' id='word_1_145' title='bbox 824 1176 884 1204; x_wconf 89' lang='lat' dir='ltr'>quo</span> 
     </span>
     <span class='ocr_line' id='line_1_24' title="bbox 173 1208 885 1248; baseline -0.001 -10"><span class='ocrx_word' id='word_1_146' title='bbox 173 1208 249 1238; x_wconf 89' lang='lat' dir='ltr'>nibil</span> <span class='ocrx_word' id='word_1_147' title='bbox 266 1208 341 1238; x_wconf 87' lang='lat' dir='ltr'>certi</span> <span class='ocrx_word' id='word_1_148' title='bbox 358 1208 450 1238; x_wconf 87' lang='lat' dir='ltr'>statui</span> <span class='ocrx_word' id='word_1_149' title='bbox 464 1212 593 1248; x_wconf 87' lang='lat' dir='ltr'>poterat,</span> <span class='ocrx_word' id='word_1_150' title='bbox 609 1218 699 1246; x_wconf 84' lang='lat' dir='ltr'>quam</span> <span class='ocrx_word' id='word_1_151' title='bbox 715 1208 885 1246; x_wconf 85' lang='lat' dir='ltr'>periculum</span> 
     </span>
     <span class='ocr_line' id='line_1_25' title="bbox 173 1249 884 1291; baseline -0.001 -11"><span class='ocrx_word' id='word_1_152' title='bbox 173 1249 379 1291; x_wconf 86' lang='lat' dir='ltr'>pendebant‚)</span> <span class='ocrx_word' id='word_1_153' title='bbox 408 1250 452 1280; x_wconf 76' lang='lat' dir='ltr'>ita</span> <span class='ocrx_word' id='word_1_154' title='bbox 481 1251 660 1280; x_wconf 85' lang='lat' dir='ltr'>debebatur.</span> <span class='ocrx_word' id='word_1_155' title='bbox 713 1251 804 1287; x_wconf 89' lang='lat' dir='ltr'>Quod</span> <span class='ocrx_word' id='word_1_156' title='bbox 836 1251 884 1280; x_wconf 79' lang='lat' dir='ltr'>vel</span> 
     </span>
     <span class='ocr_line' id='line_1_26' title="bbox 172 1293 887 1333; baseline -0.001 -9"><span class='ocrx_word' id='word_1_157' title='bbox 172 1294 241 1324; x_wconf 80' lang='lat' dir='ltr'>baec</span> <span class='ocrx_word' id='word_1_158' title='bbox 258 1293 430 1333; x_wconf 74' lang='lat' dir='ltr'>syngrapha</span> <span class='ocrx_word' id='word_1_159' title='bbox 439 1293 602 1332; x_wconf 75' lang='lat' dir='ltr'>significat,</span> <span class='ocrx_word' id='word_1_160' title='bbox 615 1293 665 1322; x_wconf 77' lang='lat' dir='ltr'>ubi</span> <span class='ocrx_word' id='word_1_161' title='bbox 679 1293 809 1331; x_wconf 80' lang='lat' dir='ltr'>pecunia</span> <span class='ocrx_word' id='word_1_162' title='bbox 821 1299 887 1323; x_wconf 87' lang='lat' dir='ltr'>erat</span> 
     </span>
     <span class='ocr_line' id='line_1_27' title="bbox 174 1335 887 1376; baseline -0.001 -10"><span class='ocrx_word' id='word_1_163' title='bbox 174 1341 282 1366; x_wconf 84' lang='lat' dir='ltr'>mutuo</span> <span class='ocrx_word' id='word_1_164' title='bbox 306 1337 377 1365; x_wconf 88' lang='lat' dir='ltr'>data</span> <span class='ocrx_word' id='word_1_165' title='bbox 397 1335 638 1376; x_wconf 67' lang='grc' dir='ltr'>ἇμφοτεξὸπλουν.</span> <span class='ocrx_word' id='word_1_166' title='bbox 682 1337 760 1364; x_wconf 74' lang='lat' dir='ltr'>Sane</span> <span class='ocrx_word' id='word_1_167' title='bbox 784 1337 887 1374; x_wconf 53' lang='lat' dir='ltr'>priore,</span> 
     </span>
     <span class='ocr_line' id='line_1_28' title="bbox 176 1378 886 1418; baseline -0.001 -10"><span class='ocrx_word' id='word_1_168' title='bbox 176 1379 271 1409; x_wconf 87' lang='lat' dir='ltr'>verba</span> <span class='ocrx_word' id='word_1_169' title='bbox 292 1379 334 1408; x_wconf 83' lang='lat' dir='ltr'>ita</span> <span class='ocrx_word' id='word_1_170' title='bbox 356 1384 505 1418; x_wconf 81' lang='lat' dir='ltr'>concepta</span> <span class='ocrx_word' id='word_1_171' title='bbox 526 1384 605 1414; x_wconf 86' lang='lat' dir='ltr'>sunt,</span> <span class='ocrx_word' id='word_1_172' title='bbox 624 1383 656 1408; x_wconf 89' lang='lat' dir='ltr'>ut</span> <span class='ocrx_word' id='word_1_173' title='bbox 672 1378 833 1408; x_wconf 83' lang='lat' dir='ltr'>videantur</span> <span class='ocrx_word' id='word_1_174' title='bbox 848 1379 886 1407; x_wconf 85' lang='lat' dir='ltr'>ab</span> 
     </span>
     <span class='ocr_line' id='line_1_29' title="bbox 174 1420 886 1461; baseline 0.001 -11"><span class='ocrx_word' id='word_1_175' title='bbox 174 1421 263 1451; x_wconf 86' lang='lat' dir='ltr'>initio</span> <span class='ocrx_word' id='word_1_176' title='bbox 284 1420 406 1460; x_wconf 77' lang='grc' dir='ltr'>δανείζειν</span> <span class='ocrx_word' id='word_1_177' title='bbox 432 1420 604 1461; x_wconf 71' lang='grc' dir='ltr'>ἐτεξὸπλοια,</span> <span class='ocrx_word' id='word_1_178' title='bbox 628 1421 666 1451; x_wconf 85' lang='lat' dir='ltr'>ad</span> <span class='ocrx_word' id='word_1_179' title='bbox 692 1422 886 1460; x_wconf 80' lang='lat' dir='ltr'>Bosphorum</span> 
     </span>
     <span class='ocr_line' id='line_1_30' title="bbox 175 1463 887 1503; baseline 0 -10"><span class='ocrx_word' id='word_1_180' title='bbox 175 1474 272 1503; x_wconf 83' lang='lat' dir='ltr'>usque</span> <span class='ocrx_word' id='word_1_181' title='bbox 287 1475 344 1503; x_wconf 87' lang='lat' dir='ltr'>per</span> <span class='ocrx_word' id='word_1_182' title='bbox 358 1464 504 1493; x_wconf 86' lang='lat' dir='ltr'>Mendem</span> <span class='ocrx_word' id='word_1_183' title='bbox 521 1469 551 1492; x_wconf 88' lang='lat' dir='ltr'>et</span> <span class='ocrx_word' id='word_1_184' title='bbox 569 1463 725 1500; x_wconf 75' lang='lat' dir='ltr'>Scionem3</span> <span class='ocrx_word' id='word_1_185' title='bbox 752 1464 804 1493; x_wconf 89' lang='lat' dir='ltr'>sed</span> <span class='ocrx_word' id='word_1_186' title='bbox 818 1474 887 1502; x_wconf 85' lang='lat' dir='ltr'>pro·</span> 
     </span>
     <span class='ocr_line' id='line_1_31' title="bbox 173 1505 886 1546; baseline -0.001 -10"><span class='ocrx_word' id='word_1_187' title='bbox 173 1506 257 1536; x_wconf 76' lang='lat' dir='ltr'>fecto</span> <span class='ocrx_word' id='word_1_188' title='bbox 280 1505 410 1546; x_wconf 73' lang='grc' dir='ltr'>ἔδάνειζον</span> <span class='ocrx_word' id='word_1_189' title='bbox 432 1505 674 1546; x_wconf 61' lang='grc' dir='ltr'>ἄμφοτεξόπλουν,</span> <span class='ocrx_word' id='word_1_190' title='bbox 688 1517 745 1545; x_wconf 86' lang='lat' dir='ltr'>pro</span> <span class='ocrx_word' id='word_1_191' title='bbox 761 1507 886 1546; x_wconf 84' lang='lat' dir='ltr'>naviga-</span> 
     </span>
     <span class='ocr_line' id='line_1_32' title="bbox 177 1548 885 1588; baseline 0 -10"><span class='ocrx_word' id='word_1_192' title='bbox 177 1548 261 1578; x_wconf 84' lang='lat' dir='ltr'>tione</span> <span class='ocrx_word' id='word_1_193' title='bbox 282 1550 319 1578; x_wconf 82' lang='lat' dir='ltr'>ad</span> <span class='ocrx_word' id='word_1_194' title='bbox 344 1549 537 1588; x_wconf 78' lang='lat' dir='ltr'>Bosphorum</span> <span class='ocrx_word' id='word_1_195' title='bbox 555 1560 651 1588; x_wconf 89' lang='lat' dir='ltr'>usque</span> <span class='ocrx_word' id='word_1_196' title='bbox 667 1560 722 1588; x_wconf 78' lang='lat' dir='ltr'>per</span> <span class='ocrx_word' id='word_1_197' title='bbox 742 1549 885 1579; x_wconf 78' lang='lat' dir='ltr'>Mendein</span> 
     </span>
     <span class='ocr_line' id='line_1_33' title="bbox 179 1592 886 1631; baseline 0 -10"><span class='ocrx_word' id='word_1_198' title='bbox 179 1597 211 1621; x_wconf 86' lang='lat' dir='ltr'>et</span> <span class='ocrx_word' id='word_1_199' title='bbox 226 1592 379 1627; x_wconf 87' lang='lat' dir='ltr'>Scionem‚</span> <span class='ocrx_word' id='word_1_200' title='bbox 394 1596 446 1621; x_wconf 87' lang='lat' dir='ltr'>aut</span> <span class='ocrx_word' id='word_1_201' title='bbox 461 1592 551 1622; x_wconf 88' lang='lat' dir='ltr'>etiam</span> <span class='ocrx_word' id='word_1_202' title='bbox 569 1602 586 1621; x_wconf 89' lang='lat' dir='ltr'>a</span> <span class='ocrx_word' id='word_1_203' title='bbox 599 1592 720 1621; x_wconf 83' lang='lat' dir='ltr'>sinistra</span> <span class='ocrx_word' id='word_1_204' title='bbox 737 1603 832 1631; x_wconf 87' lang='lat' dir='ltr'>usque</span> <span class='ocrx_word' id='word_1_205' title='bbox 849 1592 886 1622; x_wconf 81' lang='lat' dir='ltr'>ad</span> 
     </span>
     <span class='ocr_line' id='line_1_34' title="bbox 179 1634 887 1674; baseline -0.001 -10"><span class='ocrx_word' id='word_1_206' title='bbox 179 1635 414 1674; x_wconf 77' lang='lat' dir='ltr'>Borysthenem,</span> <span class='ocrx_word' id='word_1_207' title='bbox 444 1638 474 1664; x_wconf 88' lang='lat' dir='ltr'>et</span> <span class='ocrx_word' id='word_1_208' title='bbox 502 1634 602 1664; x_wconf 88' lang='lat' dir='ltr'>reditu</span> <span class='ocrx_word' id='word_1_209' title='bbox 629 1635 781 1669; x_wconf 82' lang='lat' dir='ltr'>Athenas;</span> <span class='ocrx_word' id='word_1_210' title='bbox 805 1635 887 1673; x_wconf 85' lang='lat' dir='ltr'>quod</span> 
     </span>
     <span class='ocr_line' id='line_1_35' title="bbox 176 1677 886 1715; baseline 0 -9"><span class='ocrx_word' id='word_1_211' title='bbox 176 1678 270 1715; x_wconf 88' lang='lat' dir='ltr'>paulo</span> <span class='ocrx_word' id='word_1_212' title='bbox 284 1677 444 1706; x_wconf 85' lang='lat' dir='ltr'>obscurius</span> <span class='ocrx_word' id='word_1_213' title='bbox 456 1677 673 1715; x_wconf 80' lang='lat' dir='ltr'>interpretatus</span> <span class='ocrx_word' id='word_1_214' title='bbox 684 1682 730 1706; x_wconf 86' lang='lat' dir='ltr'>est</span> <span class='ocrx_word' id='word_1_215' title='bbox 738 1677 886 1707; x_wconf 82' lang='lat' dir='ltr'>Wolflus.</span> 
     </span>
     <span class='ocr_line' id='line_1_36' title="bbox 176 1719 888 1759; baseline 0 -10"><span class='ocrx_word' id='word_1_216' title='bbox 176 1721 226 1750; x_wconf 82' lang='lat' dir='ltr'>Eo</span> <span class='ocrx_word' id='word_1_217' title='bbox 247 1719 341 1759; x_wconf 84' lang='lat' dir='ltr'>igitur</span> <span class='ocrx_word' id='word_1_218' title='bbox 367 1729 439 1748; x_wconf 75' lang='lat' dir='ltr'>casu</span> <span class='ocrx_word' id='word_1_219' title='bbox 465 1719 634 1749; x_wconf 82' lang='lat' dir='ltr'>CCXXV.</span> <span class='ocrx_word' id='word_1_220' title='bbox 655 1720 813 1749; x_wconf 80' lang='lat' dir='ltr'>drachmas</span> <span class='ocrx_word' id='word_1_221' title='bbox 834 1720 888 1749; x_wconf 85' lang='lat' dir='ltr'>sti—</span> 
     </span>
     <span class='ocr_line' id='line_1_37' title="bbox 178 1762 887 1801; baseline 0.001 -10"><span class='ocrx_word' id='word_1_222' title='bbox 178 1762 361 1801; x_wconf 86' lang='lat' dir='ltr'>pulabantur</span> <span class='ocrx_word' id='word_1_223' title='bbox 370 1772 427 1800; x_wconf 89' lang='lat' dir='ltr'>pro</span> <span class='ocrx_word' id='word_1_224' title='bbox 438 1762 484 1791; x_wconf 88' lang='grc' dir='ltr'>Μ.</span> <span class='ocrx_word' id='word_1_225' title='bbox 494 1762 658 1797; x_wconf 78' lang='lat' dir='ltr'><strong>drachmis,</strong></span> <span class='ocrx_word' id='word_1_226' title='bbox 671 1763 751 1800; x_wconf 88' lang='lat' dir='ltr'>quod</span> <span class='ocrx_word' id='word_1_227' title='bbox 764 1762 887 1800; x_wconf 81' lang='lat' dir='ltr'>quidem</span> 
     </span>
     <span class='ocr_line' id='line_1_38' title="bbox 176 1803 887 1844; baseline 0.001 -11"><span class='ocrx_word' id='word_1_228' title='bbox 176 1805 276 1835; x_wconf 83' lang='lat' dir='ltr'>soenns</span> <span class='ocrx_word' id='word_1_229' title='bbox 291 1804 323 1833; x_wconf 69' lang='grc' dir='ltr'>τὸ</span> <span class='ocrx_word' id='word_1_230' title='bbox 339 1803 523 1844; x_wconf 73' lang='grc' dir='ltr'>ἐπίπεμπτον</span> <span class='ocrx_word' id='word_1_231' title='bbox 539 1805 690 1834; x_wconf 85' lang='lat' dir='ltr'>excedere</span> <span class='ocrx_word' id='word_1_232' title='bbox 709 1805 750 1834; x_wconf 83' lang='lat' dir='ltr'>ait</span> <span class='ocrx_word' id='word_1_233' title='bbox 773 1805 887 1834; x_wconf 85' lang='lat' dir='ltr'>Salma-</span> 
     </span>
     <span class='ocr_line' id='line_1_39' title="bbox 179 1847 888 1885; baseline -0.001 -8"><span class='ocrx_word' id='word_1_234' title='bbox 179 1848 244 1877; x_wconf 87' lang='lat' dir='ltr'><strong>sius</strong></span> <span class='ocrx_word' id='word_1_235' title='bbox 267 1848 306 1877; x_wconf 89' lang='lat' dir='ltr'>de</span> <span class='ocrx_word' id='word_1_236' title='bbox 323 1849 367 1877; x_wconf 82' lang='lat' dir='ltr'>M.</span> <span class='ocrx_word' id='word_1_237' title='bbox 383 1847 420 1876; x_wconf 92' lang='lat' dir='ltr'>U.</span> <span class='ocrx_word' id='word_1_238' title='bbox 438 1857 469 1885; x_wconf 91' lang='lat' dir='ltr'>p.</span> <span class='ocrx_word' id='word_1_239' title='bbox 487 1850 560 1877; x_wconf 69' lang='lat'>⁶210.</span> <span class='ocrx_word' id='word_1_240' title='bbox 583 1847 636 1876; x_wconf 83' lang='lat' dir='ltr'>ubi</span> <span class='ocrx_word' id='word_1_241' title='bbox 658 1847 746 1876; x_wconf 84' lang='lat' dir='ltr'>valde</span> <span class='ocrx_word' id='word_1_242' title='bbox 770 1858 801 1876; x_wconf 87' lang='lat' dir='ltr'>se</span> <span class='ocrx_word' id='word_1_243' title='bbox 825 1851 888 1876; x_wconf 86' lang='lat' dir='ltr'>tor-</span> 
     </span>
     <span class='ocr_line' id='line_1_40' title="bbox 178 1890 888 1928; baseline -0.001 -8"><span class='ocrx_word' id='word_1_244' title='bbox 178 1895 251 1928; x_wconf 86' lang='lat' dir='ltr'>quet</span> <span class='ocrx_word' id='word_1_245' title='bbox 265 1891 386 1921; x_wconf 87' lang='lat' dir='ltr'>frustra.</span> <span class='ocrx_word' id='word_1_246' title='bbox 431 1890 508 1919; x_wconf 89' lang='lat' dir='ltr'>Cum</span> <span class='ocrx_word' id='word_1_247' title='bbox 535 1890 613 1919; x_wconf 89' lang='lat' dir='ltr'>enim</span> <span class='ocrx_word' id='word_1_248' title='bbox 636 1890 750 1919; x_wconf 83' lang='lat' dir='ltr'>nullum</span> <span class='ocrx_word' id='word_1_249' title='bbox 773 1894 888 1919; x_wconf 84' lang='lat' dir='ltr'>certum</span> 
     </span>
     <span class='ocr_line' id='line_1_41' title="bbox 179 1933 890 1972; baseline -0.001 -9"><span class='ocrx_word' id='word_1_250' title='bbox 179 1937 300 1972; x_wconf 77' lang='lat' dir='ltr'>tempus</span> <span class='ocrx_word' id='word_1_251' title='bbox 323 1937 406 1962; x_wconf 89' lang='lat' dir='ltr'>esset</span> <span class='ocrx_word' id='word_1_252' title='bbox 427 1933 591 1962; x_wconf 78' lang='lat' dir='ltr'>reddenda:</span> <span class='ocrx_word' id='word_1_253' title='bbox 615 1933 752 1970; x_wconf 85' lang='lat' dir='ltr'>pecuniae</span> <span class='ocrx_word' id='word_1_254' title='bbox 776 1933 890 1962; x_wconf 88' lang='lat' dir='ltr'>consti-</span> 
     </span>
     <span class='ocr_line' id='line_1_42' title="bbox 178 1975 889 2014; baseline -0.001 -9"><span class='ocrx_word' id='word_1_255' title='bbox 178 1980 290 2012; x_wconf 82' lang='lat' dir='ltr'>tutum,</span> <span class='ocrx_word' id='word_1_256' title='bbox 316 1975 369 2004; x_wconf 91' lang='lat' dir='ltr'>sed</span> <span class='ocrx_word' id='word_1_257' title='bbox 396 1975 518 2004; x_wconf 89' lang='lat' dir='ltr'>omnino</span> <span class='ocrx_word' id='word_1_258' title='bbox 546 1975 706 2010; x_wconf 87' lang='lat' dir='ltr'>incertum,</span> <span class='ocrx_word' id='word_1_259' title='bbox 737 1976 889 2014; x_wconf 88' lang='lat' dir='ltr'>quomodo</span> 
     </span>
     <span class='ocr_line' id='line_1_43' title="bbox 178 2017 891 2057; baseline -0.001 -9"><span class='ocrx_word' id='word_1_260' title='bbox 178 2019 241 2048; x_wconf 90' lang='lat' dir='ltr'>dici</span> <span class='ocrx_word' id='word_1_261' title='bbox 256 2023 359 2057; x_wconf 87' lang='lat' dir='ltr'>potest</span> <span class='ocrx_word' id='word_1_262' title='bbox 373 2018 442 2055; x_wconf 88' lang='lat' dir='ltr'>quis</span> <span class='ocrx_word' id='word_1_263' title='bbox 461 2017 552 2047; x_wconf 84' lang='lat' dir='ltr'>fuerit</span> <span class='ocrx_word' id='word_1_264' title='bbox 562 2017 644 2047; x_wconf 87' lang='lat' dir='ltr'>illius</span> <span class='ocrx_word' id='word_1_265' title='bbox 656 2028 754 2047; x_wconf 80' lang='lat' dir='ltr'>usurae</span> <span class='ocrx_word' id='word_1_266' title='bbox 766 2018 891 2047; x_wconf 84' lang='lat' dir='ltr'>modus?</span> 
     </span>
     <span class='ocr_line' id='line_1_44' title="bbox 178 2058 889 2100; baseline -0.001 -9"><span class='ocrx_word' id='word_1_267' title='bbox 178 2062 226 2091; x_wconf 93' lang='lat' dir='ltr'>An</span> <span class='ocrx_word' id='word_1_268' title='bbox 240 2060 319 2094; x_wconf 73' lang='grc' dir='ltr'>τόκος</span> <span class='ocrx_word' id='word_1_269' title='bbox 333 2058 544 2100; x_wconf 67' lang='grc' dir='ltr'>ἔωῖωεμπτος,</span> <span class='ocrx_word' id='word_1_270' title='bbox 562 2061 610 2090; x_wconf 90' lang='lat' dir='ltr'>vel</span> <span class='ocrx_word' id='word_1_271' title='bbox 628 2059 824 2100; x_wconf 65' lang='grc' dir='ltr'>ἔπιτὲτιιξτος,</span> <span class='ocrx_word' id='word_1_272' title='bbox 840 2061 889 2090; x_wconf 87' lang='lat' dir='ltr'>vel</span> 
     </span>
     <span class='ocr_line' id='line_1_45' title="bbox 179 2102 891 2144; baseline -0.001 -11"><span class='ocrx_word' id='word_1_273' title='bbox 179 2102 332 2144; x_wconf 78' lang='grc' dir='ltr'><strong><em>ἐπίτριτος,</em></strong></span> <span class='ocrx_word' id='word_1_274' title='bbox 359 2103 409 2133; x_wconf 81' lang='lat' dir='ltr'>vel</span> <span class='ocrx_word' id='word_1_275' title='bbox 431 2103 498 2142; x_wconf 92' lang='lat' dir='ltr'>quis</span> <span class='ocrx_word' id='word_1_276' title='bbox 521 2103 598 2132; x_wconf 87' lang='lat' dir='ltr'>alius</span> <span class='ocrx_word' id='word_1_277' title='bbox 625 2103 686 2132; x_wconf 83' lang='lat' dir='ltr'>dici</span> <span class='ocrx_word' id='word_1_278' title='bbox 710 2108 824 2142; x_wconf 87' lang='lat' dir='ltr'>potest,</span> <span class='ocrx_word' id='word_1_279' title='bbox 840 2104 891 2133; x_wconf 92' lang='lat' dir='ltr'>ubi</span> 
     </span>
     <span class='ocr_line' id='line_1_46' title="bbox 177 2144 890 2184; baseline -0.001 -8"><span class='ocrx_word' id='word_1_280' title='bbox 177 2146 262 2176; x_wconf 85' lang='lat' dir='ltr'>nulla</span> <span class='ocrx_word' id='word_1_281' title='bbox 287 2144 436 2184; x_wconf 86' lang='lat' dir='ltr'>temporis</span> <span class='ocrx_word' id='word_1_282' title='bbox 459 2155 602 2175; x_wconf 88' lang='lat' dir='ltr'>mensura</span> <span class='ocrx_word' id='word_1_283' title='bbox 623 2146 726 2175; x_wconf 85' lang='lat' dir='ltr'>certa?</span> <span class='ocrx_word' id='word_1_284' title='bbox 762 2147 841 2184; x_wconf 84' lang='lat' dir='ltr'><strong>Quid</strong></span> <span class='ocrx_word' id='word_1_285' title='bbox 863 2147 890 2175; x_wconf 88' lang='lat' dir='ltr'>si</span> 
     </span>
     <span class='ocr_line' id='line_1_47' title="bbox 179 2189 889 2227; baseline -0.001 -9"><span class='ocrx_word' id='word_1_286' title='bbox 179 2189 276 2218; x_wconf 84' lang='lat' dir='ltr'>altero</span> <span class='ocrx_word' id='word_1_287' title='bbox 298 2193 372 2227; x_wconf 84' lang='lat' dir='ltr'>post</span> <span class='ocrx_word' id='word_1_288' title='bbox 388 2198 492 2217; x_wconf 87' lang='lat' dir='ltr'>mense</span> <span class='ocrx_word' id='word_1_289' title='bbox 511 2198 673 2218; x_wconf 86' lang='lat' dir='ltr'>reversura</span> <span class='ocrx_word' id='word_1_290' title='bbox 693 2194 757 2217; x_wconf 89' lang='lat' dir='ltr'>erat</span> <span class='ocrx_word' id='word_1_291' title='bbox 781 2189 889 2218; x_wconf 84' lang='lat' dir='ltr'>navis?</span> 
     </span>
     <span class='ocr_line' id='line_1_48' title="bbox 179 2231 890 2270; baseline 0 -10"><span class='ocrx_word' id='word_1_292' title='bbox 179 2232 264 2269; x_wconf 79' lang='lat' dir='ltr'>Quid</span> <span class='ocrx_word' id='word_1_293' title='bbox 279 2231 305 2260; x_wconf 90' lang='lat' dir='ltr'>si</span> <span class='ocrx_word' id='word_1_294' title='bbox 321 2235 392 2270; x_wconf 90' lang='lat' dir='ltr'>post</span> <span class='ocrx_word' id='word_1_295' title='bbox 403 2231 617 2266; x_wconf 86' lang='lat' dir='ltr'>bimestre‚aut</span> <span class='ocrx_word' id='word_1_296' title='bbox 630 2231 801 2260; x_wconf 76' lang='lat' dir='ltr'>trimestre?</span> <span class='ocrx_word' id='word_1_297' title='bbox 822 2233 890 2262; x_wconf 82' lang='lat' dir='ltr'>Jam</span> 
     </span>
     <span class='ocr_line' id='line_1_49' title="bbox 180 2273 891 2314; baseline 0 -11"><span class='ocrx_word' id='word_1_298' title='bbox 180 2273 207 2303; x_wconf 89' lang='lat' dir='ltr'>si</span> <span class='ocrx_word' id='word_1_299' title='bbox 223 2278 293 2314; x_wconf 85' lang='lat' dir='ltr'>post</span> <span class='ocrx_word' id='word_1_300' title='bbox 308 2279 460 2304; x_wconf 84' lang='lat' dir='ltr'>arcturum</span> <span class='ocrx_word' id='word_1_301' title='bbox 473 2285 489 2303; x_wconf 91' lang='lat' dir='ltr'>e</span> <span class='ocrx_word' id='word_1_302' title='bbox 502 2274 602 2303; x_wconf 85' lang='lat' dir='ltr'>Ponto</span> <span class='ocrx_word' id='word_1_303' title='bbox 616 2273 791 2308; x_wconf 79' lang='lat' dir='ltr'>solvissent,</span> <span class='ocrx_word' id='word_1_304' title='bbox 803 2273 891 2303; x_wconf 83' lang='lat' dir='ltr'>vides</span> 
     </span>
     <span class='ocr_line' id='line_1_50' title="bbox 180 2316 891 2355; baseline 0 -9"><span class='ocrx_word' id='word_1_305' title='bbox 180 2327 301 2346; x_wconf 86' lang='lat' dir='ltr'>usuram</span> <span class='ocrx_word' id='word_1_306' title='bbox 324 2320 455 2350; x_wconf 89' lang='lat' dir='ltr'>auctam,</span> <span class='ocrx_word' id='word_1_307' title='bbox 474 2316 623 2355; x_wconf 89' lang='lat' dir='ltr'>siquidem</span> <span class='ocrx_word' id='word_1_308' title='bbox 650 2326 705 2354; x_wconf 90' lang='lat' dir='ltr'>pro</span> <span class='ocrx_word' id='word_1_309' title='bbox 722 2317 767 2346; x_wconf 88' lang='lat' dir='ltr'>M.</span> <span class='ocrx_word' id='word_1_310' title='bbox 783 2317 891 2346; x_wconf 82' lang='lat' dir='ltr'>drach-</span> 
     </span>
     <span class='ocr_line' id='line_1_51' title="bbox 179 2359 891 2398; baseline 0.001 -11"><span class='ocrx_word' id='word_1_311' title='bbox 179 2359 239 2388; x_wconf 84' lang='lat' dir='ltr'>mis</span> <span class='ocrx_word' id='word_1_312' title='bbox 255 2359 344 2388; x_wconf 87' lang='lat' dir='ltr'><strong>CCC.</strong></span> <span class='ocrx_word' id='word_1_313' title='bbox 360 2359 570 2388; x_wconf 89' lang='lat' dir='ltr'>drachmarum</span> <span class='ocrx_word' id='word_1_314' title='bbox 593 2368 684 2388; x_wconf 88' lang='lat' dir='ltr'>usura</span> <span class='ocrx_word' id='word_1_315' title='bbox 705 2364 769 2388; x_wconf 89' lang='lat' dir='ltr'>erat</span> <span class='ocrx_word' id='word_1_316' title='bbox 791 2364 891 2398; x_wconf 86' lang='lat' dir='ltr'>pacta.</span> 
     </span>
     <span class='ocr_line' id='line_1_52' title="bbox 180 2399 893 2442; baseline -0.001 -12"><span class='ocrx_word' id='word_1_317' title='bbox 180 2401 261 2430; x_wconf 88' lang='lat' dir='ltr'>Nam</span> <span class='ocrx_word' id='word_1_318' title='bbox 282 2411 338 2440; x_wconf 85' lang='lat' dir='ltr'>pro</span> <span class='ocrx_word' id='word_1_319' title='bbox 359 2399 524 2441; x_wconf 69' lang='grc' dir='ltr'>τρισχιλίας</span> <span class='ocrx_word' id='word_1_320' title='bbox 544 2400 707 2439; x_wconf 80' lang='lat' dir='ltr'>legendum</span> <span class='ocrx_word' id='word_1_321' title='bbox 726 2401 768 2431; x_wconf 90' lang='lat' dir='ltr'>ibi</span> <span class='ocrx_word' id='word_1_322' title='bbox 794 2400 893 2442; x_wconf 69' lang='grc' dir='ltr'>χιλίας</span> 
     </span>
     <span class='ocr_line' id='line_1_53' title="bbox 182 2444 891 2482; baseline 0.003 -10"><span class='ocrx_word' id='word_1_323' title='bbox 182 2444 294 2473; x_wconf 78' lang='lat' dir='ltr'>docent</span> <span class='ocrx_word' id='word_1_324' title='bbox 307 2453 373 2482; x_wconf 83' lang='lat' dir='ltr'>quae</span> <span class='ocrx_word' id='word_1_325' title='bbox 389 2450 556 2482; x_wconf 88' lang='lat' dir='ltr'>sequuntur</span> <span class='ocrx_word' id='word_1_326' title='bbox 572 2444 600 2472; x_wconf 92' lang='lat' dir='ltr'>in</span> <span class='ocrx_word' id='word_1_327' title='bbox 622 2444 726 2473; x_wconf 91' lang='lat' dir='ltr'>eadem</span> <span class='ocrx_word' id='word_1_328' title='bbox 742 2445 891 2474; x_wconf 88' lang='lat' dir='ltr'>oratione.</span> 
     </span>
     <span class='ocr_line' id='line_1_54' title="bbox 181 2486 893 2525; baseline 0 -10"><span class='ocrx_word' id='word_1_329' title='bbox 181 2486 419 2524; x_wconf 82' lang='lat' dir='ltr'>——Trajectitiae</span> <span class='ocrx_word' id='word_1_330' title='bbox 435 2486 574 2524; x_wconf 76' lang='lat' dir='ltr'>pecuniae</span> <span class='ocrx_word' id='word_1_331' title='bbox 587 2487 756 2525; x_wconf 88' lang='lat' dir='ltr'>periculum</span> <span class='ocrx_word' id='word_1_332' title='bbox 773 2488 808 2515; x_wconf 91' lang='lat' dir='ltr'>ad</span> <span class='ocrx_word' id='word_1_333' title='bbox 826 2496 893 2516; x_wconf 87' lang='lat' dir='ltr'>cre-</span> 
     </span>
     <span class='ocr_line' id='line_1_55' title="bbox 183 2528 894 2567; baseline 0.001 -10"><span class='ocrx_word' id='word_1_334' title='bbox 183 2528 313 2558; x_wconf 86' lang='lat' dir='ltr'>ditorem</span> <span class='ocrx_word' id='word_1_335' title='bbox 330 2528 516 2567; x_wconf 76' lang='lat' dir='ltr'>pertinebat,</span> <span class='ocrx_word' id='word_1_336' title='bbox 532 2539 590 2557; x_wconf 90' lang='lat' dir='ltr'>non</span> <span class='ocrx_word' id='word_1_337' title='bbox 608 2529 644 2558; x_wconf 87' lang='lat' dir='ltr'>ad</span> <span class='ocrx_word' id='word_1_338' title='bbox 663 2529 846 2564; x_wconf 83' lang='lat' dir='ltr'>debitorem,</span> <span class='ocrx_word' id='word_1_339' title='bbox 864 2534 894 2558; x_wconf 84' lang='lat' dir='ltr'>et</span> 
     </span>
     <span class='ocr_line' id='line_1_56' title="bbox 182 2571 894 2605; baseline -0.001 -4"><span class='ocrx_word' id='word_1_340' title='bbox 182 2571 253 2601; x_wconf 88' lang='lat' dir='ltr'>ideo</span> <span class='ocrx_word' id='word_1_341' title='bbox 271 2580 371 2600; x_wconf 81' lang='lat' dir='ltr'>usuroe</span> <span class='ocrx_word' id='word_1_342' title='bbox 387 2571 511 2600; x_wconf 81' lang='lat' dir='ltr'>infinitae</span> <span class='ocrx_word' id='word_1_343' title='bbox 528 2571 586 2600; x_wconf 88' lang='lat' dir='ltr'>i.e.</span> <span class='ocrx_word' id='word_1_344' title='bbox 605 2582 662 2601; x_wconf 89' lang='lat' dir='ltr'>non</span> <span class='ocrx_word' id='word_1_345' title='bbox 676 2571 820 2605; x_wconf 63' lang='lat' dir='ltr'>definitae,</span> <span class='ocrx_word' id='word_1_346' title='bbox 838 2572 894 2601; x_wconf 84' lang='lat' dir='ltr'>sed</span> 
     </span>
     <span class='ocr_line' id='line_1_57' title="bbox 183 2613 893 2653; baseline 0 -10"><span class='ocrx_word' id='word_1_347' title='bbox 183 2618 276 2644; x_wconf 85' lang='lat' dir='ltr'>tantae</span> <span class='ocrx_word' id='word_1_348' title='bbox 297 2617 417 2652; x_wconf 85' lang='lat' dir='ltr'>quantae</span> <span class='ocrx_word' id='word_1_349' title='bbox 445 2614 475 2642; x_wconf 87' lang='lat' dir='ltr'>iu</span> <span class='ocrx_word' id='word_1_350' title='bbox 501 2613 728 2653; x_wconf 74' lang='lat' dir='ltr'>stipulationem</span> <span class='ocrx_word' id='word_1_351' title='bbox 753 2614 893 2643; x_wconf 86' lang='lat' dir='ltr'>deductae</span> 
     </span>
     <span class='ocr_line' id='line_1_58' title="bbox 185 2656 894 2695; baseline 0 -10"><span class='ocrx_word' id='word_1_352' title='bbox 185 2661 288 2694; x_wconf 85' lang='lat' dir='ltr'>erant;</span> <span class='ocrx_word' id='word_1_353' title='bbox 313 2656 383 2695; x_wconf 84' lang='lat' dir='ltr'>quia</span> <span class='ocrx_word' id='word_1_354' title='bbox 398 2666 457 2684; x_wconf 83' lang='lat' dir='ltr'>non</span> <span class='ocrx_word' id='word_1_355' title='bbox 474 2660 534 2685; x_wconf 88' lang='lat' dir='ltr'>tam</span> <span class='ocrx_word' id='word_1_356' title='bbox 551 2666 651 2685; x_wconf 88' lang='lat' dir='ltr'>usurae</span> <span class='ocrx_word' id='word_1_357' title='bbox 666 2657 804 2695; x_wconf 84' lang='lat' dir='ltr'>pecuniae</span> <span class='ocrx_word' id='word_1_358' title='bbox 826 2667 894 2685; x_wconf 81' lang='lat' dir='ltr'>cre-</span> 
     </span>
     <span class='ocr_line' id='line_1_59' title="bbox 186 2699 895 2738; baseline 0 -10"><span class='ocrx_word' id='word_1_359' title='bbox 186 2699 258 2728; x_wconf 86' lang='lat' dir='ltr'>ditae</span> <span class='ocrx_word' id='word_1_360' title='bbox 272 2704 358 2728; x_wconf 88' lang='lat' dir='ltr'>erant</span> <span class='ocrx_word' id='word_1_361' title='bbox 374 2709 463 2738; x_wconf 85' lang='lat' dir='ltr'>quarn</span> <span class='ocrx_word' id='word_1_362' title='bbox 476 2709 547 2737; x_wconf 87' lang='lat' dir='ltr'>pars</span> <span class='ocrx_word' id='word_1_363' title='bbox 559 2699 649 2732; x_wconf 82' lang='lat' dir='ltr'>lucri,</span> <span class='ocrx_word' id='word_1_364' title='bbox 663 2699 745 2738; x_wconf 93' lang='lat' dir='ltr'>quod</span> <span class='ocrx_word' id='word_1_365' title='bbox 762 2709 801 2728; x_wconf 88' lang='lat' dir='ltr'>ex</span> <span class='ocrx_word' id='word_1_366' title='bbox 818 2709 895 2728; x_wconf 82' lang='lat' dir='ltr'>mer-</span> 
     </span>
     <span class='ocr_line' id='line_1_60' title="bbox 186 2741 896 2780; baseline 0 -10"><span class='ocrx_word' id='word_1_367' title='bbox 186 2741 274 2770; x_wconf 86' lang='lat' dir='ltr'>cibus</span> <span class='ocrx_word' id='word_1_368' title='bbox 299 2741 374 2771; x_wconf 85' lang='lat' dir='ltr'>inde</span> <span class='ocrx_word' id='word_1_369' title='bbox 402 2741 553 2780; x_wconf 84' lang='lat' dir='ltr'>coemptis</span> <span class='ocrx_word' id='word_1_370' title='bbox 581 2742 647 2771; x_wconf 82' lang='lat' dir='ltr'>fieri</span> <span class='ocrx_word' id='word_1_371' title='bbox 675 2746 807 2780; x_wconf 88' lang='lat' dir='ltr'>poterat,</span> <span class='ocrx_word' id='word_1_372' title='bbox 830 2751 896 2779; x_wconf 82' lang='lat' dir='ltr'>quae</span> 
     </span>
     <span class='ocr_line' id='line_1_61' title="bbox 186 2784 897 2823; baseline 0.001 -11"><span class='ocrx_word' id='word_1_373' title='bbox 186 2793 304 2813; x_wconf 88' lang='lat' dir='ltr'>merces</span> <span class='ocrx_word' id='word_1_374' title='bbox 322 2784 347 2812; x_wconf 90' lang='lat' dir='ltr'>si</span> <span class='ocrx_word' id='word_1_375' title='bbox 367 2784 503 2823; x_wconf 85' lang='lat' dir='ltr'>peribant</span> <span class='ocrx_word' id='word_1_376' title='bbox 519 2795 587 2814; x_wconf 92' lang='lat' dir='ltr'>cum</span> <span class='ocrx_word' id='word_1_377' title='bbox 603 2784 684 2818; x_wconf 85' lang='lat' dir='ltr'>navi,</span> <span class='ocrx_word' id='word_1_378' title='bbox 697 2785 825 2823; x_wconf 87' lang='lat' dir='ltr'>pecunia</span> <span class='ocrx_word' id='word_1_379' title='bbox 838 2789 897 2813; x_wconf 85' lang='lat' dir='ltr'>tra-</span> 
     </span>
     <span class='ocr_line' id='line_1_62' title="bbox 183 2825 896 2866; baseline 0 -11"><span class='ocrx_word' id='word_1_380' title='bbox 183 2826 303 2864; x_wconf 82' lang='lat' dir='ltr'>jectitia</span> <span class='ocrx_word' id='word_1_381' title='bbox 319 2825 440 2864; x_wconf 87' lang='lat' dir='ltr'>peribat</span> <span class='ocrx_word' id='word_1_382' title='bbox 457 2837 586 2866; x_wconf 90' lang='lat' dir='ltr'>quoque.</span> <span class='ocrx_word' id='word_1_383' title='bbox 604 2827 799 2858; x_wconf 72' lang='lat' dir='ltr'>HERALDUS</span> <span class='ocrx_word' id='word_1_384' title='bbox 815 2827 836 2856; x_wconf 89' lang='lat' dir='ltr'>l.</span> <span class='ocrx_word' id='word_1_385' title='bbox 852 2827 896 2856; x_wconf 93' lang='grc' dir='ltr'>ΙΙ.</span> 
     </span>
     <span class='ocr_line' id='line_1_63' title="bbox 188 2868 317 2898; baseline -0.008 -1"><span class='ocrx_word' id='word_1_386' title='bbox 188 2879 216 2898; x_wconf 90' lang='lat' dir='ltr'>c.</span> <span class='ocrx_word' id='word_1_387' title='bbox 234 2868 317 2898; x_wconf 83' lang='lat' dir='ltr'>XX.</span> 
     </span>
    </p>
   </div>
   <div class='ocr_carea' id='block_1_5' title="bbox 239 2903 899 2954">
    <p class='ocr_par' dir='ltr' id='par_1_5' title="bbox 239 2903 899 2954">
     <span class='ocr_line' id='line_1_64' title="bbox 239 2903 899 2954; baseline 0.003 -14"><span class='ocrx_word' id='word_1_388' title='bbox 239 2903 292 2940; x_wconf 63' lang='grc' dir='ltr'>ἐὰν</span> <span class='ocrx_word' id='word_1_389' title='bbox 306 2909 333 2939; x_wconf 78' lang='grc' dir='ltr'>δὲ</span> <span class='ocrx_word' id='word_1_390' title='bbox 358 2912 440 2950; x_wconf 68' lang='grc' dir='ltr'>μετὰ</span> <span class='ocrx_word' id='word_1_391' title='bbox 457 2911 597 2953; x_wconf 67' lang='grc' dir='ltr'>ἀρκτοῦρον</span> <span class='ocrx_word' id='word_1_392' title='bbox 607 2913 664 2954; x_wconf 87' lang='grc'>-]</span> <span class='ocrx_word' id='word_1_393' title='bbox 689 2911 774 2946; x_wconf 79' lang='lat' dir='ltr'>Quod</span> <span class='ocrx_word' id='word_1_394' title='bbox 797 2912 821 2942; x_wconf 83' lang='lat' dir='ltr'>si</span> <span class='ocrx_word' id='word_1_395' title='bbox 839 2917 899 2951; x_wconf 81' lang='lat' dir='ltr'>post</span> 
     </span>
    </p>
   </div>
   <div class='ocr_carea' id='block_1_6' title="bbox 910 398 1641 2951">
    <p class='ocr_par' dir='ltr' id='par_1_6' title="bbox 910 398 1623 819">
     <span class='ocr_line' id='line_1_65' title="bbox 912 398 1621 439; baseline -0.006 -10"><span class='ocrx_word' id='word_1_396' title='bbox 912 404 1065 429; x_wconf 78' lang='lat' dir='ltr'>arcturum</span> <span class='ocrx_word' id='word_1_397' title='bbox 1078 405 1192 439; x_wconf 76' lang='lat' dir='ltr'>portum</span> <span class='ocrx_word' id='word_1_398' title='bbox 1204 405 1304 429; x_wconf 66' lang='lat' dir='ltr'>exeant</span> <span class='ocrx_word' id='word_1_399' title='bbox 1319 409 1333 429; x_wconf 85' lang='lat' dir='ltr'>e</span> <span class='ocrx_word' id='word_1_400' title='bbox 1346 398 1440 428; x_wconf 77' lang='lat' dir='ltr'>Ponto</span> <span class='ocrx_word' id='word_1_401' title='bbox 1455 398 1492 426; x_wconf 81' lang='lat' dir='ltr'>ad</span> <span class='ocrx_word' id='word_1_402' title='bbox 1505 407 1621 426; x_wconf 75' lang='lat' dir='ltr'>sacrum</span> 
     </span>
     <span class='ocr_line' id='line_1_66' title="bbox 910 439 1622 482; baseline -0.004 -12"><span class='ocrx_word' id='word_1_403' title='bbox 910 445 1138 480; x_wconf 77' lang='lat' dir='ltr'>promontorium</span> <span class='ocrx_word' id='word_1_404' title='bbox 1150 443 1333 482; x_wconf 71' lang='lat' dir='ltr'>navigaturi,</span> <span class='ocrx_word' id='word_1_405' title='bbox 1345 447 1464 470; x_wconf 63' lang='lat' dir='ltr'>trecenae</span> <span class='ocrx_word' id='word_1_406' title='bbox 1480 441 1510 469; x_wconf 81' lang='lat' dir='ltr'>in</span> <span class='ocrx_word' id='word_1_407' title='bbox 1527 439 1622 468; x_wconf 81' lang='lat' dir='ltr'>mille-</span> 
     </span>
     <span class='ocr_line' id='line_1_67' title="bbox 913 482 1621 523; baseline -0.006 -9"><span class='ocrx_word' id='word_1_408' title='bbox 913 494 976 514; x_wconf 85' lang='lat' dir='ltr'>⁷1us.</span> <span class='ocrx_word' id='word_1_409' title='bbox 1008 486 1078 514; x_wconf 92' lang='lat' dir='ltr'>Hoc</span> <span class='ocrx_word' id='word_1_410' title='bbox 1094 485 1220 523; x_wconf 89' lang='lat' dir='ltr'>perinde</span> <span class='ocrx_word' id='word_1_411' title='bbox 1236 490 1283 513; x_wconf 85' lang='lat' dir='ltr'>est</span> <span class='ocrx_word' id='word_1_412' title='bbox 1298 495 1332 513; x_wconf 83' lang='lat' dir='ltr'>ac</span> <span class='ocrx_word' id='word_1_413' title='bbox 1348 483 1373 512; x_wconf 86' lang='lat' dir='ltr'>si</span> <span class='ocrx_word' id='word_1_414' title='bbox 1389 483 1516 516; x_wconf 86' lang='lat' dir='ltr'>diceret,</span> <span class='ocrx_word' id='word_1_415' title='bbox 1528 483 1560 510; x_wconf 81' lang='lat' dir='ltr'>in</span> <span class='ocrx_word' id='word_1_416' title='bbox 1571 482 1621 511; x_wconf 82' lang='lat' dir='ltr'>‹le-</span> 
     </span>
     <span class='ocr_line' id='line_1_68' title="bbox 914 526 1621 563; baseline -0.004 -8"><span class='ocrx_word' id='word_1_417' title='bbox 914 537 967 556; x_wconf 74' lang='lat' dir='ltr'>nas</span> <span class='ocrx_word' id='word_1_418' title='bbox 988 528 1081 556; x_wconf 81' lang='lat' dir='ltr'>minas</span> <span class='ocrx_word' id='word_1_419' title='bbox 1102 533 1190 556; x_wconf 76' lang='lat' dir='ltr'>terme</span> <span class='ocrx_word' id='word_1_420' title='bbox 1205 528 1300 560; x_wconf 68' lang='lat' dir='ltr'>mines,</span> <span class='ocrx_word' id='word_1_421' title='bbox 1317 526 1363 555; x_wconf 86' lang='lat' dir='ltr'>vel</span> <span class='ocrx_word' id='word_1_422' title='bbox 1380 526 1452 554; x_wconf 66' lang='lat' dir='ltr'>binae</span> <span class='ocrx_word' id='word_1_423' title='bbox 1467 535 1533 554; x_wconf 85' lang='lat' dir='ltr'>cum</span> <span class='ocrx_word' id='word_1_424' title='bbox 1549 535 1621 563; x_wconf 81' lang='lat' dir='ltr'>qua-</span> 
     </span>
     <span class='ocr_line' id='line_1_69' title="bbox 914 567 1622 607; baseline -0.004 -9"><span class='ocrx_word' id='word_1_425' title='bbox 914 570 1019 598; x_wconf 77' lang='lat' dir='ltr'>drante</span> <span class='ocrx_word' id='word_1_426' title='bbox 1033 571 1132 598; x_wconf 75' lang='lat' dir='ltr'>minoe:</span> <span class='ocrx_word' id='word_1_427' title='bbox 1149 579 1215 607; x_wconf 90' lang='lat' dir='ltr'>quae</span> <span class='ocrx_word' id='word_1_428' title='bbox 1229 570 1305 597; x_wconf 84' lang='lat' dir='ltr'>ratio</span> <span class='ocrx_word' id='word_1_429' title='bbox 1318 568 1406 605; x_wconf 84' lang='lat' dir='ltr'>longe</span> <span class='ocrx_word' id='word_1_430' title='bbox 1421 568 1506 596; x_wconf 85' lang='lat' dir='ltr'>abest</span> <span class='ocrx_word' id='word_1_431' title='bbox 1518 568 1556 595; x_wconf 88' lang='lat' dir='ltr'>ab</span> <span class='ocrx_word' id='word_1_432' title='bbox 1569 567 1622 595; x_wconf 83' lang='lat' dir='ltr'>illa</span> 
     </span>
     <span class='ocr_line' id='line_1_70' title="bbox 915 610 1622 641; baseline -0.003 -1"><span class='ocrx_word' id='word_1_433' title='bbox 915 612 1080 641; x_wconf 83' lang='lat' dir='ltr'>centesima</span> <span class='ocrx_word' id='word_1_434' title='bbox 1091 611 1357 641; x_wconf 85' lang='lat' dir='ltr'>Accursianorurn.</span> <span class='ocrx_word' id='word_1_435' title='bbox 1374 612 1445 640; x_wconf 92' lang='lat' dir='ltr'>Hoc</span> <span class='ocrx_word' id='word_1_436' title='bbox 1458 610 1536 638; x_wconf 89' lang='lat' dir='ltr'>enim</span> <span class='ocrx_word' id='word_1_437' title='bbox 1549 619 1622 638; x_wconf 91' lang='lat' dir='ltr'>con-</span> 
     </span>
     <span class='ocr_line' id='line_1_71' title="bbox 916 652 1623 683; baseline -0.004 0"><span class='ocrx_word' id='word_1_438' title='bbox 916 659 1007 683; x_wconf 83' lang='lat' dir='ltr'>vento</span> <span class='ocrx_word' id='word_1_439' title='bbox 1017 655 1104 683; x_wconf 84' lang='lat' dir='ltr'>fenus</span> <span class='ocrx_word' id='word_1_440' title='bbox 1114 664 1171 682; x_wconf 90' lang='lat' dir='ltr'>non</span> <span class='ocrx_word' id='word_1_441' title='bbox 1186 653 1216 682; x_wconf 90' lang='lat' dir='ltr'>in</span> <span class='ocrx_word' id='word_1_442' title='bbox 1229 664 1362 682; x_wconf 84' lang='lat' dir='ltr'>mensem</span> <span class='ocrx_word' id='word_1_443' title='bbox 1377 658 1522 682; x_wconf 84' lang='lat' dir='ltr'>statutum</span> <span class='ocrx_word' id='word_1_444' title='bbox 1533 652 1623 681; x_wconf 87' lang='lat' dir='ltr'>intel-</span> 
     </span>
     <span class='ocr_line' id='line_1_72' title="bbox 915 696 1622 734; baseline -0.003 -9"><span class='ocrx_word' id='word_1_445' title='bbox 915 697 989 734; x_wconf 86' lang='lat' dir='ltr'>ligo,</span> <span class='ocrx_word' id='word_1_446' title='bbox 999 697 1053 726; x_wconf 87' lang='lat' dir='ltr'>sed</span> <span class='ocrx_word' id='word_1_447' title='bbox 1064 696 1156 725; x_wconf 87' lang='lat' dir='ltr'>semel</span> <span class='ocrx_word' id='word_1_448' title='bbox 1170 697 1200 724; x_wconf 89' lang='lat' dir='ltr'>in</span> <span class='ocrx_word' id='word_1_449' title='bbox 1211 696 1304 728; x_wconf 80' lang='lat' dir='ltr'>maris</span> <span class='ocrx_word' id='word_1_450' title='bbox 1315 700 1513 724; x_wconf 77' lang='lat' dir='ltr'>commeatum</span> <span class='ocrx_word' id='word_1_451' title='bbox 1525 705 1622 723; x_wconf 87' lang='lat' dir='ltr'>reme-</span> 
     </span>
     <span class='ocr_line' id='line_1_73' title="bbox 915 737 1621 777; baseline -0.001 -9"><span class='ocrx_word' id='word_1_452' title='bbox 915 744 1070 777; x_wconf 89' lang='lat' dir='ltr'>atumque,</span> <span class='ocrx_word' id='word_1_453' title='bbox 1086 739 1161 768; x_wconf 87' lang='lat' dir='ltr'>etin</span> <span class='ocrx_word' id='word_1_454' title='bbox 1180 740 1245 776; x_wconf 84' lang='lat' dir='ltr'>ejus</span> <span class='ocrx_word' id='word_1_455' title='bbox 1260 738 1476 776; x_wconf 77' lang='lat' dir='ltr'>negotiationis</span> <span class='ocrx_word' id='word_1_456' title='bbox 1493 737 1621 767; x_wconf 80' lang='lat' dir='ltr'>exitum.</span> 
     </span>
     <span class='ocr_line' id='line_1_74' title="bbox 916 781 1447 819; baseline -0.002 -9"><span class='ocrx_word' id='word_1_457' title='bbox 916 781 962 811; x_wconf 80' lang='lat' dir='ltr'>De</span> <span class='ocrx_word' id='word_1_458' title='bbox 977 791 1034 810; x_wconf 76' lang='lat' dir='ltr'>osse</span> <span class='ocrx_word' id='word_1_459' title='bbox 1048 781 1100 810; x_wconf 85' lang='lat' dir='ltr'>lib.</span> <span class='ocrx_word' id='word_1_460' title='bbox 1118 782 1146 810; x_wconf 91' lang='grc' dir='ltr'>Ι.</span> <span class='ocrx_word' id='word_1_461' title='bbox 1162 791 1193 819; x_wconf 88' lang='lat' dir='ltr'>p.</span> <span class='ocrx_word' id='word_1_462' title='bbox 1209 783 1261 810; x_wconf 83' lang='lat'>31.</span> <span class='ocrx_word' id='word_1_463' title='bbox 1284 781 1447 810; x_wconf 66' lang='lat' dir='ltr'>anffivs.</span> 
     </span>
    </p>

    <p class='ocr_par' dir='ltr' id='par_1_7' title="bbox 914 821 1627 1151">
     <span class='ocr_line' id='line_1_75' title="bbox 958 821 1626 863; baseline -0.004 -10"><span class='ocrx_word' id='word_1_464' title='bbox 958 823 1019 854; x_wconf 67' lang='grc' dir='ltr'>Ἐὰν</span> <span class='ocrx_word' id='word_1_465' title='bbox 1031 823 1058 853; x_wconf 79' lang='grc' dir='ltr'>δὲ</span> <span class='ocrx_word' id='word_1_466' title='bbox 1071 822 1143 863; x_wconf 79' lang='grc' dir='ltr'>μετ’</span> <span class='ocrx_word' id='word_1_467' title='bbox 1157 823 1430 863; x_wconf 69' lang='grc' dir='ltr'>ἇξκτοῦξον-ἶερέν]</span> <span class='ocrx_word' id='word_1_468' title='bbox 1458 822 1562 851; x_wconf 83' lang='lat' dir='ltr'>Habes</span> <span class='ocrx_word' id='word_1_469' title='bbox 1575 821 1626 850; x_wconf 84' lang='lat' dir='ltr'>hie</span> 
     </span>
     <span class='ocr_line' id='line_1_76' title="bbox 914 865 1626 905; baseline -0.006 -9"><span class='ocrx_word' id='word_1_470' title='bbox 914 877 1015 896; x_wconf 75' lang='lat' dir='ltr'>usura:</span> <span class='ocrx_word' id='word_1_471' title='bbox 1025 866 1276 900; x_wconf 81' lang='lat' dir='ltr'>additamentum,</span> <span class='ocrx_word' id='word_1_472' title='bbox 1291 866 1316 895; x_wconf 89' lang='lat' dir='ltr'>si</span> <span class='ocrx_word' id='word_1_473' title='bbox 1329 865 1449 904; x_wconf 85' lang='lat' dir='ltr'>longius</span> <span class='ocrx_word' id='word_1_474' title='bbox 1463 865 1626 905; x_wconf 82' lang='lat' dir='ltr'>progrede-</span> 
     </span>
     <span class='ocr_line' id='line_1_77' title="bbox 914 908 1624 947; baseline -0.004 -9"><span class='ocrx_word' id='word_1_475' title='bbox 914 914 998 939; x_wconf 87' lang='lat' dir='ltr'>retur</span> <span class='ocrx_word' id='word_1_476' title='bbox 1022 908 1187 947; x_wconf 84' lang='lat' dir='ltr'>navigatio.</span> <span class='ocrx_word' id='word_1_477' title='bbox 1224 909 1352 938; x_wconf 90' lang='lat' dir='ltr'>Nullum</span> <span class='ocrx_word' id='word_1_478' title='bbox 1378 908 1471 946; x_wconf 89' lang='lat' dir='ltr'>igitur</span> <span class='ocrx_word' id='word_1_479' title='bbox 1502 912 1624 945; x_wconf 86' lang='lat' dir='ltr'>tempus</span> 
     </span>
     <span class='ocr_line' id='line_1_78' title="bbox 916 952 1625 988; baseline -0.006 -7"><span class='ocrx_word' id='word_1_480' title='bbox 916 957 980 982; x_wconf 85' lang='lat' dir='ltr'>erat</span> <span class='ocrx_word' id='word_1_481' title='bbox 993 957 1122 987; x_wconf 88' lang='lat' dir='ltr'>certum,</span> <span class='ocrx_word' id='word_1_482' title='bbox 1138 962 1194 980; x_wconf 89' lang='lat' dir='ltr'>nec</span> <span class='ocrx_word' id='word_1_483' title='bbox 1209 961 1300 980; x_wconf 90' lang='lat' dir='ltr'>usura</span> <span class='ocrx_word' id='word_1_484' title='bbox 1316 952 1356 980; x_wconf 92' lang='lat' dir='ltr'>ob</span> <span class='ocrx_word' id='word_1_485' title='bbox 1372 955 1493 988; x_wconf 86' lang='lat' dir='ltr'>tempus</span> <span class='ocrx_word' id='word_1_486' title='bbox 1510 954 1625 978; x_wconf 86' lang='lat' dir='ltr'>certum</span> 
     </span>
     <span class='ocr_line' id='line_1_79' title="bbox 916 991 1625 1046; baseline -0.007 -22"><span class='ocrx_word' id='word_1_487' title='bbox 916 994 1079 1046; x_wconf 80' lang='lat' dir='ltr'>promissa,</span> <span class='ocrx_word' id='word_1_488' title='bbox 1109 994 1164 1023; x_wconf 89' lang='lat' dir='ltr'>sed</span> <span class='ocrx_word' id='word_1_489' title='bbox 1186 994 1217 1022; x_wconf 90' lang='lat' dir='ltr'>in</span> <span class='ocrx_word' id='word_1_490' title='bbox 1244 998 1386 1022; x_wconf 83' lang='lat' dir='ltr'>eventum</span> <span class='ocrx_word' id='word_1_491' title='bbox 1410 991 1625 1031; x_wconf 81' lang='lat' dir='ltr'>navigationis.</span> 
     </span>
     <span class='ocr_line' id='line_1_80' title="bbox 917 1034 1625 1077; baseline -0.006 -10"><span class='ocrx_word' id='word_1_492' title='bbox 917 1036 962 1077; x_wconf 78' lang='grc' dir='ltr'>ἐφ’</span> <span class='ocrx_word' id='word_1_493' title='bbox 977 1036 1039 1077; x_wconf 58' lang='lat' dir='ltr'>rit-:4511</span> <span class='ocrx_word' id='word_1_494' title='bbox 1054 1037 1142 1066; x_wconf 86' lang='lat' dir='ltr'>aliter</span> <span class='ocrx_word' id='word_1_495' title='bbox 1158 1037 1279 1075; x_wconf 85' lang='lat' dir='ltr'>accepit</span> <span class='ocrx_word' id='word_1_496' title='bbox 1292 1036 1335 1065; x_wconf 83' lang='lat' dir='ltr'>W</span> <span class='ocrx_word' id='word_1_497' title='bbox 1337 1037 1436 1069; x_wconf 83' lang='lat' dir='ltr'>oltius,</span> <span class='ocrx_word' id='word_1_498' title='bbox 1454 1036 1532 1073; x_wconf 76' lang='lat' dir='ltr'>quod</span> <span class='ocrx_word' id='word_1_499' title='bbox 1551 1034 1625 1073; x_wconf 79' lang='lat' dir='ltr'>qnid</span> 
     </span>
     <span class='ocr_line' id='line_1_81' title="bbox 917 1076 1627 1117; baseline -0.006 -8"><span class='ocrx_word' id='word_1_500' title='bbox 917 1086 1000 1109; x_wconf 89' lang='lat' dir='ltr'>esset</span> <span class='ocrx_word' id='word_1_501' title='bbox 1014 1080 1125 1109; x_wconf 87' lang='lat' dir='ltr'>docent</span> <span class='ocrx_word' id='word_1_502' title='bbox 1140 1089 1194 1108; x_wconf 93' lang='lat' dir='ltr'>nos</span> <span class='ocrx_word' id='word_1_503' title='bbox 1207 1078 1403 1108; x_wconf 85' lang='lat' dir='ltr'>Grammatici</span> <span class='ocrx_word' id='word_1_504' title='bbox 1420 1079 1472 1107; x_wconf 85' lang='lat' dir='ltr'>Gr.</span> <span class='ocrx_word' id='word_1_505' title='bbox 1495 1079 1515 1107; x_wconf 84' lang='grc' dir='ltr'>ῖε</span> <span class='ocrx_word' id='word_1_506' title='bbox 1520 1076 1557 1117; x_wconf 66' lang='lat' dir='ltr'>giu</span> <span class='ocrx_word' id='word_1_507' title='bbox 1571 1080 1627 1106; x_wconf 74' lang='grc' dir='ltr'>τῶν</span> 
     </span>
     <span class='ocr_line' id='line_1_82' title="bbox 918 1120 1539 1160; baseline -0.002 -9"><span class='ocrx_word' id='word_1_508' title='bbox 918 1122 1020 1151; x_wconf 72' lang='grc' dir='ltr'>δώδεκα</span> <span class='ocrx_word' id='word_1_509' title='bbox 1031 1120 1126 1151; x_wconf 62' lang='grc' dir='ltr'>θεῶν’</span> <span class='ocrx_word' id='word_1_510' title='bbox 1117 1132 1142 1151; x_wconf 83' lang='grc' dir='ltr'>εν</span> <span class='ocrx_word' id='word_1_511' title='bbox 1158 1121 1307 1160; x_wconf 61' lang='grc' dir='ltr'>Βοσπόρῳ.</span> <span class='ocrx_word' id='word_1_512' title='bbox 1330 1122 1457 1151; x_wconf 68' lang='lat' dir='ltr'>HERM</span> <span class='ocrx_word' id='word_1_513' title='bbox 1465 1131 1507 1151; x_wconf 68' lang='lat' dir='ltr'>nt</span> <span class='ocrx_word' id='word_1_514' title='bbox 1514 1131 1539 1150; x_wconf 80' lang='lat' dir='ltr'>s.</span> 
     </span>
    </p>

    <p class='ocr_par' dir='ltr' id='par_1_8' title="bbox 919 1149 1641 2951">
     <span class='ocr_line' id='line_1_83' title="bbox 961 1149 1627 1205; baseline -0.006 -10.939"><span class='ocrx_word' id='word_1_515' title='bbox 961 1163 1022 1204; x_wconf 78' lang='grc' dir='ltr'>Ἐφ</span> <span class='ocrx_word' id='word_1_516' title='bbox 1036 1164 1110 1205; x_wconf 74' lang='grc' dir='ltr'>ῖερον]</span> <span class='ocrx_word' id='word_1_517' title='bbox 1130 1149 1325 1202; x_wconf 77' lang='lat' dir='ltr'>Longissime</span> <span class='ocrx_word' id='word_1_518' title='bbox 1340 1164 1492 1193; x_wconf 85' lang='lat' dir='ltr'>aberravit</span> <span class='ocrx_word' id='word_1_519' title='bbox 1511 1162 1627 1192; x_wconf 74' lang='lat' dir='ltr'>Petitus</span> 
     </span>
     <span class='ocr_line' id='line_1_84' title="bbox 919 1206 1626 1246; baseline -0.004 -9"><span class='ocrx_word' id='word_1_520' title='bbox 919 1217 937 1237; x_wconf 80' lang='lat' dir='ltr'>a</span> <span class='ocrx_word' id='word_1_521' title='bbox 959 1218 1030 1237; x_wconf 82' lang='lat' dir='ltr'>vera</span> <span class='ocrx_word' id='word_1_522' title='bbox 1049 1207 1300 1244; x_wconf 80' lang='lat' dir='ltr'>interpretatione</span> <span class='ocrx_word' id='word_1_523' title='bbox 1328 1207 1417 1246; x_wconf 89' lang='lat' dir='ltr'>hujus</span> <span class='ocrx_word' id='word_1_524' title='bbox 1446 1206 1626 1244; x_wconf 65' lang='lat' dir='ltr'>syngraphae</span> 
     </span>
     <span class='ocr_line' id='line_1_85' title="bbox 919 1248 1625 1288; baseline -0.003 -9"><span class='ocrx_word' id='word_1_525' title='bbox 919 1251 950 1279; x_wconf 91' lang='lat' dir='ltr'>in</span> <span class='ocrx_word' id='word_1_526' title='bbox 971 1260 1047 1279; x_wconf 79' lang='lat' dir='ltr'>voce</span> <span class='ocrx_word' id='word_1_527' title='bbox 1069 1248 1113 1288; x_wconf 72' lang='grc' dir='ltr'>ἐφ’</span> <span class='ocrx_word' id='word_1_528' title='bbox 1128 1249 1204 1288; x_wconf 55' lang='lat' dir='ltr'>teg-0¹:11</span> <span class='ocrx_word' id='word_1_529' title='bbox 1230 1254 1295 1278; x_wconf 86' lang='lat' dir='ltr'>erat</span> <span class='ocrx_word' id='word_1_530' title='bbox 1317 1249 1396 1278; x_wconf 86' lang='lat' dir='ltr'>enim</span> <span class='ocrx_word' id='word_1_531' title='bbox 1420 1249 1533 1278; x_wconf 86' lang='lat' dir='ltr'>locus&#39;</span> <span class='ocrx_word' id='word_1_532' title='bbox 1526 1259 1555 1277; x_wconf 86' lang='grc' dir='ltr'>ιιι</span> <span class='ocrx_word' id='word_1_533' title='bbox 1573 1258 1625 1277; x_wconf 81' lang='lat' dir='ltr'>ore</span> 
     </span>
     <span class='ocr_line' id='line_1_86' title="bbox 920 1290 1626 1331; baseline -0.006 -9"><span class='ocrx_word' id='word_1_534' title='bbox 920 1293 1050 1331; x_wconf 83' lang='lat' dir='ltr'>Bospori</span> <span class='ocrx_word' id='word_1_535' title='bbox 1078 1292 1306 1330; x_wconf 82' lang='lat' dir='ltr'>septentrionali</span> <span class='ocrx_word' id='word_1_536' title='bbox 1327 1292 1373 1322; x_wconf 86' lang='lat' dir='ltr'>sic</span> <span class='ocrx_word' id='word_1_537' title='bbox 1389 1297 1517 1321; x_wconf 83' lang='lat' dir='ltr'>vocatus</span> <span class='ocrx_word' id='word_1_538' title='bbox 1534 1290 1567 1319; x_wconf 76' lang='grc' dir='ltr'>τὸ</span> <span class='ocrx_word' id='word_1_539' title='bbox 1589 1291 1626 1319; x_wconf 78' lang='grc' dir='ltr'>Σε-</span> 
     </span>
     <span class='ocr_line' id='line_1_87' title="bbox 919 1333 1627 1376; baseline -0.003 -12"><span class='ocrx_word' id='word_1_540' title='bbox 919 1334 957 1376; x_wconf 74' lang='grc' dir='ltr'>ρὲν</span> <span class='ocrx_word' id='word_1_541' title='bbox 972 1335 1009 1364; x_wconf 89' lang='lat' dir='ltr'>de</span> <span class='ocrx_word' id='word_1_542' title='bbox 1026 1345 1086 1374; x_wconf 84' lang='lat' dir='ltr'>qno</span> <span class='ocrx_word' id='word_1_543' title='bbox 1099 1335 1219 1364; x_wconf 74' lang='lat' dir='ltr'>Herod.</span> <span class='ocrx_word' id='word_1_544' title='bbox 1239 1337 1272 1364; x_wconf 78' lang='lat' dir='ltr'>L.</span> <span class='ocrx_word' id='word_1_545' title='bbox 1288 1335 1343 1363; x_wconf 89' lang='lat' dir='ltr'>IV.</span> <span class='ocrx_word' id='word_1_546' title='bbox 1359 1346 1385 1363; x_wconf 86' lang='lat' dir='ltr'>c.</span> <span class='ocrx_word' id='word_1_547' title='bbox 1402 1336 1453 1364; x_wconf 88' lang='grc'>87.</span> <span class='ocrx_word' id='word_1_548' title='bbox 1477 1333 1627 1372; x_wconf 69' lang='lat' dir='ltr'>Polybius</span> 
     </span>
     <span class='ocr_line' id='line_1_88' title="bbox 921 1376 1628 1407; baseline -0.003 0"><span class='ocrx_word' id='word_1_549' title='bbox 921 1380 957 1407; x_wconf 85' lang='lat' dir='ltr'>L.</span> <span class='ocrx_word' id='word_1_550' title='bbox 975 1379 1031 1407; x_wconf 78' lang='lat' dir='ltr'>IV.</span> <span class='ocrx_word' id='word_1_551' title='bbox 1055 1389 1082 1407; x_wconf 93' lang='lat' dir='ltr'>c.</span> <span class='ocrx_word' id='word_1_552' title='bbox 1099 1379 1150 1407; x_wconf 74' lang='lat'>39.</span> <span class='ocrx_word' id='word_1_553' title='bbox 1176 1385 1206 1406; x_wconf 87' lang='lat' dir='ltr'>et</span> <span class='ocrx_word' id='word_1_554' title='bbox 1229 1378 1336 1407; x_wconf 89' lang='lat' dir='ltr'>eodem</span> <span class='ocrx_word' id='word_1_555' title='bbox 1360 1377 1416 1406; x_wconf 87' lang='lat' dir='ltr'>lib.</span> <span class='ocrx_word' id='word_1_556' title='bbox 1436 1377 1563 1406; x_wconf 79' lang='lat' dir='ltr'>inferius</span> <span class='ocrx_word' id='word_1_557' title='bbox 1588 1376 1628 1405; x_wconf 87' lang='lat' dir='ltr'>de</span> 
     </span>
     <span class='ocr_line' id='line_1_89' title="bbox 919 1419 1630 1458; baseline -0.001 -9"><span class='ocrx_word' id='word_1_558' title='bbox 919 1420 1032 1450; x_wconf 79' lang='lat' dir='ltr'>Prusia</span> <span class='ocrx_word' id='word_1_559' title='bbox 1047 1421 1158 1449; x_wconf 86' lang='lat' dir='ltr'>bellum</span> <span class='ocrx_word' id='word_1_560' title='bbox 1171 1421 1318 1449; x_wconf 82' lang='lat' dir='ltr'>inserente</span> <span class='ocrx_word' id='word_1_561' title='bbox 1335 1419 1516 1458; x_wconf 75' lang='lat' dir='ltr'>Byzantinis</span> <span class='ocrx_word' id='word_1_562' title='bbox 1533 1430 1560 1448; x_wconf 90' lang='lat' dir='ltr'>c.</span> <span class='ocrx_word' id='word_1_563' title='bbox 1576 1420 1630 1448; x_wconf 84' lang='lat'>50.</span> 
     </span>
     <span class='ocr_line' id='line_1_90' title="bbox 921 1463 1628 1502; baseline -0.003 -9"><span class='ocrx_word' id='word_1_564' title='bbox 921 1463 1029 1494; x_wconf 83' lang='lat' dir='ltr'>Strabo</span> <span class='ocrx_word' id='word_1_565' title='bbox 1048 1465 1082 1492; x_wconf 86' lang='lat' dir='ltr'>L.</span> <span class='ocrx_word' id='word_1_566' title='bbox 1100 1464 1176 1492; x_wconf 50' lang='lat' dir='ltr'>VII.</span> <span class='ocrx_word' id='word_1_567' title='bbox 1193 1473 1224 1502; x_wconf 87' lang='lat' dir='ltr'>p.</span> <span class='ocrx_word' id='word_1_568' title='bbox 1239 1465 1311 1493; x_wconf 70' lang='lat'>492.</span> <span class='ocrx_word' id='word_1_569' title='bbox 1323 1467 1353 1492; x_wconf 85' lang='lat' dir='ltr'>et</span> <span class='ocrx_word' id='word_1_570' title='bbox 1368 1463 1402 1492; x_wconf 78' lang='lat' dir='ltr'>L.</span> <span class='ocrx_word' id='word_1_571' title='bbox 1415 1463 1496 1491; x_wconf 87' lang='lat' dir='ltr'>XII.</span> <span class='ocrx_word' id='word_1_572' title='bbox 1509 1473 1540 1500; x_wconf 88' lang='lat' dir='ltr'>p.</span> <span class='ocrx_word' id='word_1_573' title='bbox 1555 1464 1628 1492; x_wconf 71' lang='lat'>812.</span> 
     </span>
     <span class='ocr_line' id='line_1_91' title="bbox 920 1504 1629 1548; baseline -0.003 -13"><span class='ocrx_word' id='word_1_574' title='bbox 920 1506 958 1535; x_wconf 85' lang='lat' dir='ltr'>de</span> <span class='ocrx_word' id='word_1_575' title='bbox 975 1506 1104 1545; x_wconf 86' lang='lat' dir='ltr'>Sinope:</span> <span class='ocrx_word' id='word_1_576' title='bbox 1129 1505 1214 1548; x_wconf 76' lang='grc' dir='ltr'>διέχει</span> <span class='ocrx_word' id='word_1_577' title='bbox 1234 1504 1262 1535; x_wconf 79' lang='grc' dir='ltr'>δὲ</span> <span class='ocrx_word' id='word_1_578' title='bbox 1278 1506 1326 1534; x_wconf 76' lang='grc' dir='ltr'>τοῦ</span> <span class='ocrx_word' id='word_1_579' title='bbox 1347 1504 1402 1545; x_wconf 81' lang='grc' dir='ltr'>μὲν</span> <span class='ocrx_word' id='word_1_580' title='bbox 1419 1504 1496 1545; x_wconf 71' lang='grc' dir='ltr'>Ἰεςοῦ</span> <span class='ocrx_word' id='word_1_581' title='bbox 1512 1516 1629 1544; x_wconf 51' lang='lat' dir='ltr'>*reto-xc-</span> 
     </span>
     <span class='ocr_line' id='line_1_92' title="bbox 920 1548 1630 1588; baseline -0.003 -10"><span class='ocrx_word' id='word_1_582' title='bbox 920 1548 1001 1582; x_wconf 81' lang='grc' dir='ltr'>λίους.</span> <span class='ocrx_word' id='word_1_583' title='bbox 1034 1550 1081 1578; x_wconf 81' lang='lat' dir='ltr'>Ex</span> <span class='ocrx_word' id='word_1_584' title='bbox 1100 1548 1210 1587; x_wconf 87' lang='lat' dir='ltr'>quibus</span> <span class='ocrx_word' id='word_1_585' title='bbox 1228 1553 1319 1588; x_wconf 65' lang='lat' dir='ltr'>patet,</span> <span class='ocrx_word' id='word_1_586' title='bbox 1336 1559 1424 1587; x_wconf 85' lang='lat' dir='ltr'>quam</span> <span class='ocrx_word' id='word_1_587' title='bbox 1440 1558 1544 1586; x_wconf 75' lang='lat' dir='ltr'>parurn</span> <span class='ocrx_word' id='word_1_588' title='bbox 1561 1548 1630 1576; x_wconf 84' lang='lat' dir='ltr'>feli-</span> 
     </span>
     <span class='ocr_line' id='line_1_93' title="bbox 921 1590 1631 1629; baseline -0.001 -9"><span class='ocrx_word' id='word_1_589' title='bbox 921 1592 998 1621; x_wconf 86' lang='lat' dir='ltr'>citer</span> <span class='ocrx_word' id='word_1_590' title='bbox 1019 1591 1206 1621; x_wconf 73' lang='lat' dir='ltr'>intellexerit</span> <span class='ocrx_word' id='word_1_591' title='bbox 1225 1592 1420 1621; x_wconf 75' lang='lat' dir='ltr'>doctissimus</span> <span class='ocrx_word' id='word_1_592' title='bbox 1441 1590 1553 1629; x_wconf 83' lang='lat' dir='ltr'>alioqui</span> <span class='ocrx_word' id='word_1_593' title='bbox 1582 1590 1631 1619; x_wconf 90' lang='lat' dir='ltr'>vir</span> 
     </span>
     <span class='ocr_line' id='line_1_94' title="bbox 921 1632 1629 1673; baseline -0.003 -10"><span class='ocrx_word' id='word_1_594' title='bbox 921 1635 999 1664; x_wconf 85' lang='lat' dir='ltr'>hunc</span> <span class='ocrx_word' id='word_1_595' title='bbox 1014 1635 1114 1663; x_wconf 86' lang='lat' dir='ltr'>locum</span> <span class='ocrx_word' id='word_1_596' title='bbox 1139 1640 1267 1673; x_wconf 87' lang='lat' dir='ltr'>propter</span> <span class='ocrx_word' id='word_1_597' title='bbox 1292 1632 1524 1673; x_wconf 68' lang='grc' dir='ltr'>ἀγεογξαφησῖειν,</span> <span class='ocrx_word' id='word_1_598' title='bbox 1541 1642 1629 1672; x_wconf 89' lang='lat' dir='ltr'>quam</span> 
     </span>
     <span class='ocr_line' id='line_1_95' title="bbox 921 1676 1630 1711; baseline -0.003 -5"><span class='ocrx_word' id='word_1_599' title='bbox 921 1677 1021 1706; x_wconf 86' lang='lat' dir='ltr'>omnis</span> <span class='ocrx_word' id='word_1_600' title='bbox 1036 1678 1146 1706; x_wconf 81' lang='lat' dir='ltr'>doctus</span> <span class='ocrx_word' id='word_1_601' title='bbox 1164 1677 1260 1706; x_wconf 89' lang='lat' dir='ltr'>vitare</span> <span class='ocrx_word' id='word_1_602' title='bbox 1277 1677 1381 1711; x_wconf 87' lang='lat' dir='ltr'>debet,</span> <span class='ocrx_word' id='word_1_603' title='bbox 1395 1682 1423 1706; x_wconf 90' lang='lat' dir='ltr'>et</span> <span class='ocrx_word' id='word_1_604' title='bbox 1439 1677 1476 1705; x_wconf 88' lang='lat' dir='ltr'>de</span> <span class='ocrx_word' id='word_1_605' title='bbox 1493 1676 1630 1705; x_wconf 90' lang='lat' dir='ltr'>locorum</span> 
     </span>
     <span class='ocr_line' id='line_1_96' title="bbox 922 1719 1632 1757; baseline -0.003 -8"><span class='ocrx_word' id='word_1_606' title='bbox 922 1720 979 1749; x_wconf 87' lang='lat' dir='ltr'>situ</span> <span class='ocrx_word' id='word_1_607' title='bbox 996 1722 1074 1749; x_wconf 86' lang='lat' dir='ltr'>bene</span> <span class='ocrx_word' id='word_1_608' title='bbox 1091 1719 1288 1757; x_wconf 75' lang='lat' dir='ltr'>intelligendo</span> <span class='ocrx_word' id='word_1_609' title='bbox 1309 1719 1458 1748; x_wconf 87' lang='lat' dir='ltr'>sollicitus</span> <span class='ocrx_word' id='word_1_610' title='bbox 1476 1729 1555 1753; x_wconf 83' lang='lat' dir='ltr'>esse,</span> <span class='ocrx_word' id='word_1_611' title='bbox 1572 1719 1632 1748; x_wconf 89' lang='lat' dir='ltr'>nisi</span> 
     </span>
     <span class='ocr_line' id='line_1_97' title="bbox 921 1761 1632 1800; baseline -0.001 -9"><span class='ocrx_word' id='word_1_612' title='bbox 921 1762 998 1791; x_wconf 86' lang='lat' dir='ltr'>velit</span> <span class='ocrx_word' id='word_1_613' title='bbox 1014 1762 1127 1800; x_wconf 84' lang='lat' dir='ltr'>saepius</span> <span class='ocrx_word' id='word_1_614' title='bbox 1142 1761 1170 1790; x_wconf 92' lang='lat' dir='ltr'>in</span> <span class='ocrx_word' id='word_1_615' title='bbox 1188 1762 1300 1791; x_wconf 78' lang='lat' dir='ltr'>talibus</span> <span class='ocrx_word' id='word_1_616' title='bbox 1314 1762 1493 1800; x_wconf 76' lang='lat' dir='ltr'>impingere.</span> <span class='ocrx_word' id='word_1_617' title='bbox 1530 1761 1632 1790; x_wconf 82' lang='lat' dir='ltr'>Pluri-</span> 
     </span>
     <span class='ocr_line' id='line_1_98' title="bbox 922 1804 1632 1834; baseline -0.003 0"><span class='ocrx_word' id='word_1_618' title='bbox 922 1806 978 1834; x_wconf 86' lang='lat' dir='ltr'>bus</span> <span class='ocrx_word' id='word_1_619' title='bbox 1002 1805 1079 1834; x_wconf 89' lang='lat' dir='ltr'>infra</span> <span class='ocrx_word' id='word_1_620' title='bbox 1101 1805 1214 1833; x_wconf 89' lang='lat' dir='ltr'>seculis</span> <span class='ocrx_word' id='word_1_621' title='bbox 1237 1805 1274 1833; x_wconf 87' lang='lat' dir='ltr'>de</span> <span class='ocrx_word' id='word_1_622' title='bbox 1298 1814 1334 1833; x_wconf 85' lang='lat' dir='ltr'>eo</span> <span class='ocrx_word' id='word_1_623' title='bbox 1356 1805 1427 1833; x_wconf 87' lang='lat' dir='ltr'>loeo</span> <span class='ocrx_word' id='word_1_624' title='bbox 1449 1804 1632 1833; x_wconf 84' lang='lat' dir='ltr'>mentionem</span> 
     </span>
     <span class='ocr_line' id='line_1_99' title="bbox 923 1847 1632 1885; baseline 0 -9"><span class='ocrx_word' id='word_1_625' title='bbox 923 1847 994 1876; x_wconf 79' lang='lat' dir='ltr'>fecit</span> <span class='ocrx_word' id='word_1_626' title='bbox 1011 1847 1181 1885; x_wconf 79' lang='lat' dir='ltr'>Procopius</span> <span class='ocrx_word' id='word_1_627' title='bbox 1199 1849 1234 1876; x_wconf 80' lang='lat' dir='ltr'>L.</span> <span class='ocrx_word' id='word_1_628' title='bbox 1252 1848 1280 1878; x_wconf 86' lang='lat' dir='ltr'>I.</span> <span class='ocrx_word' id='word_1_629' title='bbox 1298 1847 1336 1875; x_wconf 89' lang='lat' dir='ltr'>de</span> <span class='ocrx_word' id='word_1_630' title='bbox 1352 1847 1433 1876; x_wconf 90' lang='lat' dir='ltr'>bello</span> <span class='ocrx_word' id='word_1_631' title='bbox 1450 1847 1632 1880; x_wconf 86' lang='lat' dir='ltr'>Vandalico,</span> 
     </span>
     <span class='ocr_line' id='line_1_100' title="bbox 923 1889 1632 1920; baseline -0.001 -1"><span class='ocrx_word' id='word_1_632' title='bbox 923 1894 953 1919; x_wconf 89' lang='lat' dir='ltr'>et</span> <span class='ocrx_word' id='word_1_633' title='bbox 966 1891 1002 1918; x_wconf 91' lang='lat' dir='ltr'>de</span> <span class='ocrx_word' id='word_1_634' title='bbox 1013 1889 1150 1920; x_wconf 80' lang='lat' dir='ltr'>aedificiis</span> <span class='ocrx_word' id='word_1_635' title='bbox 1161 1889 1324 1919; x_wconf 64' lang='lat' dir='ltr'>Justiniaini</span> <span class='ocrx_word' id='word_1_636' title='bbox 1336 1890 1372 1919; x_wconf 87' lang='lat' dir='ltr'>L.</span> <span class='ocrx_word' id='word_1_637' title='bbox 1382 1889 1409 1918; x_wconf 89' lang='lat' dir='ltr'>I.</span> <span class='ocrx_word' id='word_1_638' title='bbox 1433 1890 1493 1918; x_wconf 87' lang='lat' dir='ltr'>Sed</span> <span class='ocrx_word' id='word_1_639' title='bbox 1511 1894 1541 1918; x_wconf 90' lang='lat' dir='ltr'>et</span> <span class='ocrx_word' id='word_1_640' title='bbox 1553 1900 1632 1918; x_wconf 86' lang='lat' dir='ltr'>nunc</span> 
     </span>
     <span class='ocr_line' id='line_1_101' title="bbox 924 1931 1633 1971; baseline 0 -10"><span class='ocrx_word' id='word_1_641' title='bbox 924 1933 1013 1962; x_wconf 85' lang='lat' dir='ltr'>etiarn</span> <span class='ocrx_word' id='word_1_642' title='bbox 1031 1936 1131 1962; x_wconf 86' lang='lat' dir='ltr'>manet</span> <span class='ocrx_word' id='word_1_643' title='bbox 1147 1933 1223 1962; x_wconf 87' lang='lat' dir='ltr'>illud</span> <span class='ocrx_word' id='word_1_644' title='bbox 1241 1942 1347 1961; x_wconf 81' lang='lat' dir='ltr'>nomen</span> <span class='ocrx_word' id='word_1_645' title='bbox 1366 1931 1531 1971; x_wconf 82' lang='lat' dir='ltr'>antiquum.</span> <span class='ocrx_word' id='word_1_646' title='bbox 1553 1933 1633 1962; x_wconf 85' lang='lat' dir='ltr'>Tur-</span> 
     </span>
     <span class='ocr_line' id='line_1_102' title="bbox 924 1973 1633 2015; baseline 0 -11"><span class='ocrx_word' id='word_1_647' title='bbox 924 1975 969 2004; x_wconf 89' lang='lat' dir='ltr'>cis</span> <span class='ocrx_word' id='word_1_648' title='bbox 984 1975 1063 2005; x_wconf 83' lang='lat' dir='ltr'>enim</span> <span class='ocrx_word' id='word_1_649' title='bbox 1078 1976 1191 2004; x_wconf 85' lang='lat' dir='ltr'>dicitur</span> <span class='ocrx_word' id='word_1_650' title='bbox 1208 1975 1325 2015; x_wconf 62' lang='lat' dir='ltr'>fugit-0,</span> <span class='ocrx_word' id='word_1_651' title='bbox 1348 1976 1429 2013; x_wconf 87' lang='lat' dir='ltr'>quod</span> <span class='ocrx_word' id='word_1_652' title='bbox 1447 1980 1495 2004; x_wconf 81' lang='lat' dir='ltr'>est</span> <span class='ocrx_word' id='word_1_653' title='bbox 1509 1974 1541 2003; x_wconf 71' lang='grc' dir='ltr'>τὸ</span> <span class='ocrx_word' id='word_1_654' title='bbox 1561 1973 1633 2014; x_wconf 70' lang='grc' dir='ltr'>ἶεξόν,</span> 
     </span>
     <span class='ocr_line' id='line_1_103' title="bbox 924 2017 1633 2047; baseline -0.001 0"><span class='ocrx_word' id='word_1_655' title='bbox 924 2017 1057 2047; x_wconf 81' lang='lat' dir='ltr'>Arabice</span> <span class='ocrx_word' id='word_1_656' title='bbox 1071 2018 1149 2047; x_wconf 87' lang='lat' dir='ltr'>enim</span> <span class='ocrx_word' id='word_1_657' title='bbox 1166 2018 1196 2047; x_wconf 78' lang='lat' dir='ltr'>al</span> <span class='ocrx_word' id='word_1_658' title='bbox 1212 2023 1259 2047; x_wconf 89' lang='lat' dir='ltr'>est</span> <span class='ocrx_word' id='word_1_659' title='bbox 1275 2018 1421 2047; x_wconf 86' lang='lat' dir='ltr'>articulus</span> <span class='ocrx_word' id='word_1_660' title='bbox 1438 2018 1633 2047; x_wconf 81' lang='lat' dir='ltr'>antecedens.</span> 
     </span>
     <span class='ocr_line' id='line_1_104' title="bbox 924 2060 1632 2099; baseline 0.001 -10"><span class='ocrx_word' id='word_1_661' title='bbox 924 2062 961 2090; x_wconf 90' lang='lat' dir='ltr'>In</span> <span class='ocrx_word' id='word_1_662' title='bbox 983 2062 1047 2099; x_wconf 89' lang='lat' dir='ltr'>ejus</span> <span class='ocrx_word' id='word_1_663' title='bbox 1064 2062 1150 2090; x_wconf 89' lang='lat' dir='ltr'>vocis</span> <span class='ocrx_word' id='word_1_664' title='bbox 1166 2060 1416 2099; x_wconf 80' lang='lat' dir='ltr'>interpretatione</span> <span class='ocrx_word' id='word_1_665' title='bbox 1432 2060 1545 2090; x_wconf 85' lang='lat' dir='ltr'>erravit</span> <span class='ocrx_word' id='word_1_666' title='bbox 1562 2060 1632 2090; x_wconf 92' lang='lat' dir='ltr'>Nic.</span> 
     </span>
     <span class='ocr_line' id='line_1_105' title="bbox 924 2102 1634 2141; baseline -0.001 -8"><span class='ocrx_word' id='word_1_667' title='bbox 924 2103 1108 2133; x_wconf 90' lang='lat' dir='ltr'>Alamannus</span> <span class='ocrx_word' id='word_1_668' title='bbox 1127 2104 1156 2133; x_wconf 89' lang='lat' dir='ltr'>in</span> <span class='ocrx_word' id='word_1_669' title='bbox 1179 2104 1251 2132; x_wconf 81' lang='lat' dir='ltr'>Not.</span> <span class='ocrx_word' id='word_1_670' title='bbox 1276 2104 1313 2132; x_wconf 93' lang='lat' dir='ltr'>ad</span> <span class='ocrx_word' id='word_1_671' title='bbox 1336 2103 1470 2141; x_wconf 90' lang='lat' dir='ltr'>Procop.</span> <span class='ocrx_word' id='word_1_672' title='bbox 1484 2102 1634 2132; x_wconf 73' lang='grc' dir='ltr'>Ἀνὲκδοτοι</span> 
     </span>
     <span class='ocr_line' id='line_1_106' title="bbox 925 2145 1635 2185; baseline 0 -10"><span class='ocrx_word' id='word_1_673' title='bbox 925 2157 956 2185; x_wconf 89' lang='lat' dir='ltr'>p.</span> <span class='ocrx_word' id='word_1_674' title='bbox 974 2149 1047 2175; x_wconf 78' lang='lat'>105.</span> <span class='ocrx_word' id='word_1_675' title='bbox 1071 2147 1121 2175; x_wconf 91' lang='lat' dir='ltr'>ubi</span> <span class='ocrx_word' id='word_1_676' title='bbox 1144 2145 1218 2175; x_wconf 84' lang='lat' dir='ltr'>citat</span> <span class='ocrx_word' id='word_1_677' title='bbox 1239 2147 1332 2174; x_wconf 89' lang='lat' dir='ltr'>verba</span> <span class='ocrx_word' id='word_1_678' title='bbox 1346 2145 1558 2184; x_wconf 84' lang='lat' dir='ltr'>Theophanis:</span> <span class='ocrx_word' id='word_1_679' title='bbox 1583 2148 1635 2179; x_wconf 67' lang='grc' dir='ltr'>τῆς</span> 
     </span>
     <span class='ocr_line' id='line_1_107' title="bbox 923 2187 1635 2228; baseline -0.003 -10"><span class='ocrx_word' id='word_1_680' title='bbox 923 2188 1041 2220; x_wconf 64' lang='grc' dir='ltr'>Ἀβύδου</span> <span class='ocrx_word' id='word_1_681' title='bbox 1055 2190 1102 2218; x_wconf 68' lang='grc' dir='ltr'>καὶ</span> <span class='ocrx_word' id='word_1_682' title='bbox 1115 2190 1164 2218; x_wconf 73' lang='grc' dir='ltr'>τοῦ</span> <span class='ocrx_word' id='word_1_683' title='bbox 1177 2188 1254 2228; x_wconf 67' lang='grc' dir='ltr'>Ἱεςοῧ</span> <span class='ocrx_word' id='word_1_684' title='bbox 1266 2190 1305 2217; x_wconf 68' lang='grc' dir='ltr'>τὰ</span> <span class='ocrx_word' id='word_1_685' title='bbox 1316 2187 1455 2227; x_wconf 63' lang='grc' dir='ltr'>λεγόμεναι</span> <span class='ocrx_word' id='word_1_686' title='bbox 1471 2187 1635 2227; x_wconf 55' lang='lat' dir='ltr'>atqup-{gnam</span> 
     </span>
     <span class='ocr_line' id='line_1_108' title="bbox 926 2229 1634 2270; baseline 0 -10"><span class='ocrx_word' id='word_1_687' title='bbox 926 2229 1065 2270; x_wconf 71' lang='grc' dir='ltr'>ἐκούφισε,</span> <span class='ocrx_word' id='word_1_688' title='bbox 1079 2236 1109 2260; x_wconf 89' lang='lat' dir='ltr'>et</span> <span class='ocrx_word' id='word_1_689' title='bbox 1121 2232 1355 2270; x_wconf 82' lang='lat' dir='ltr'>interpretatur:</span> <span class='ocrx_word' id='word_1_690' title='bbox 1380 2232 1476 2270; x_wconf 71' lang='lat' dir='ltr'><em>Abydi</em></span> <span class='ocrx_word' id='word_1_691' title='bbox 1492 2236 1519 2259; x_wconf 81' lang='lat' dir='ltr'>et</span> <span class='ocrx_word' id='word_1_692' title='bbox 1536 2231 1634 2269; x_wconf 75' lang='lat' dir='ltr'>templi</span> 
     </span>
     <span class='ocr_line' id='line_1_109' title="bbox 924 2274 1635 2314; baseline -0.001 -10"><span class='ocrx_word' id='word_1_693' title='bbox 924 2274 1123 2314; x_wconf 76' lang='lat' dir='ltr'>vectigalium,</span> <span class='ocrx_word' id='word_1_694' title='bbox 1140 2285 1201 2312; x_wconf 79' lang='lat' dir='ltr'>qnae</span> <span class='ocrx_word' id='word_1_695' title='bbox 1219 2274 1389 2302; x_wconf 75' lang='lat' dir='ltr'>commercia</span> <span class='ocrx_word' id='word_1_696' title='bbox 1409 2278 1559 2308; x_wconf 74' lang='lat' dir='ltr'>vocantur,</span> <span class='ocrx_word' id='word_1_697' title='bbox 1575 2284 1635 2303; x_wconf 72' lang='lat' dir='ltr'>vnu-</span> 
     </span>
     <span class='ocr_line' id='line_1_110' title="bbox 926 2315 1636 2354; baseline -0.001 -8"><span class='ocrx_word' id='word_1_698' title='bbox 926 2317 996 2346; x_wconf 80' lang='lat' dir='ltr'>dum</span> <span class='ocrx_word' id='word_1_699' title='bbox 1010 2317 1123 2347; x_wconf 77' lang='lat' dir='ltr'>statuit.</span> <span class='ocrx_word' id='word_1_700' title='bbox 1152 2319 1190 2346; x_wconf 74' lang='lat' dir='ltr'>Et</span> <span class='ocrx_word' id='word_1_701' title='bbox 1201 2315 1312 2345; x_wconf 88' lang='lat' dir='ltr'>deinde</span> <span class='ocrx_word' id='word_1_702' title='bbox 1325 2316 1425 2344; x_wconf 77' lang='lat' dir='ltr'>addit:</span> <span class='ocrx_word' id='word_1_703' title='bbox 1451 2316 1549 2354; x_wconf 76' lang='lat' dir='ltr'>templi</span> <span class='ocrx_word' id='word_1_704' title='bbox 1566 2315 1636 2346; x_wconf 77' lang='lat' dir='ltr'>Bla-</span> 
     </span>
     <span class='ocr_line' id='line_1_111' title="bbox 925 2358 1636 2397; baseline 0 -9"><span class='ocrx_word' id='word_1_705' title='bbox 925 2359 1079 2389; x_wconf 80' lang='lat' dir='ltr'>cherniani</span> <span class='ocrx_word' id='word_1_706' title='bbox 1093 2360 1213 2392; x_wconf 82' lang='lat' dir='ltr'>scilicet,</span> <span class='ocrx_word' id='word_1_707' title='bbox 1230 2358 1304 2397; x_wconf 80' lang='lat' dir='ltr'>quod</span> <span class='ocrx_word' id='word_1_708' title='bbox 1319 2363 1358 2387; x_wconf 79' lang='lat' dir='ltr'>est</span> <span class='ocrx_word' id='word_1_709' title='bbox 1379 2359 1418 2387; x_wconf 83' lang='lat' dir='ltr'>ad</span> <span class='ocrx_word' id='word_1_710' title='bbox 1435 2360 1505 2388; x_wconf 76' lang='lat' dir='ltr'>ostia</span> <span class='ocrx_word' id='word_1_711' title='bbox 1523 2358 1636 2388; x_wconf 69' lang='lat' dir='ltr'>Euxini</span> 
     </span>
     <span class='ocr_line' id='line_1_112' title="bbox 925 2401 1635 2440; baseline 0 -9"><span class='ocrx_word' id='word_1_712' title='bbox 925 2403 1027 2437; x_wconf 78' lang='lat' dir='ltr'>maris,</span> <span class='ocrx_word' id='word_1_713' title='bbox 1037 2407 1171 2440; x_wconf 80' lang='lat' dir='ltr'>utsupra</span> <span class='ocrx_word' id='word_1_714' title='bbox 1186 2402 1246 2430; x_wconf 66' lang='lat' dir='ltr'>dixi</span> <span class='ocrx_word' id='word_1_715' title='bbox 1257 2401 1294 2429; x_wconf 80' lang='lat' dir='ltr'>ad</span> <span class='ocrx_word' id='word_1_716' title='bbox 1306 2411 1334 2439; x_wconf 88' lang='lat' dir='ltr'>p.</span> <span class='ocrx_word' id='word_1_717' title='bbox 1351 2401 1400 2431; x_wconf 82' lang='lat'>15.</span> <span class='ocrx_word' id='word_1_718' title='bbox 1430 2401 1520 2430; x_wconf 81' lang='lat' dir='ltr'>Ostia</span> <span class='ocrx_word' id='word_1_719' title='bbox 1534 2407 1635 2432; x_wconf 86' lang='lat' dir='ltr'>autem</span> 
     </span>
     <span class='ocr_line' id='line_1_113' title="bbox 927 2443 1635 2483; baseline 0 -10"><span class='ocrx_word' id='word_1_720' title='bbox 927 2444 1041 2473; x_wconf 83' lang='lat' dir='ltr'>Euxini</span> <span class='ocrx_word' id='word_1_721' title='bbox 1056 2444 1200 2483; x_wconf 86' lang='lat' dir='ltr'>intelligit</span> <span class='ocrx_word' id='word_1_722' title='bbox 1222 2443 1352 2481; x_wconf 81' lang='lat' dir='ltr'>Bospori</span> <span class='ocrx_word' id='word_1_723' title='bbox 1372 2443 1402 2473; x_wconf 87' lang='lat' dir='ltr'>in</span> <span class='ocrx_word' id='word_1_724' title='bbox 1420 2444 1635 2483; x_wconf 80' lang='lat' dir='ltr'>Propontidem</span> 
     </span>
     <span class='ocr_line' id='line_1_114' title="bbox 927 2486 1634 2528; baseline 0 -12"><span class='ocrx_word' id='word_1_725' title='bbox 927 2487 1087 2516; x_wconf 78' lang='lat' dir='ltr'>defluentis</span> <span class='ocrx_word' id='word_1_726' title='bbox 1104 2497 1150 2522; x_wconf 88' lang='lat' dir='ltr'>os,</span> <span class='ocrx_word' id='word_1_727' title='bbox 1167 2490 1201 2516; x_wconf 89' lang='lat' dir='ltr'>ut</span> <span class='ocrx_word' id='word_1_728' title='bbox 1216 2486 1322 2515; x_wconf 79' lang='lat' dir='ltr'>videre</span> <span class='ocrx_word' id='word_1_729' title='bbox 1338 2492 1384 2515; x_wconf 88' lang='lat' dir='ltr'>est</span> <span class='ocrx_word' id='word_1_730' title='bbox 1402 2486 1432 2515; x_wconf 88' lang='lat' dir='ltr'>in</span> <span class='ocrx_word' id='word_1_731' title='bbox 1449 2487 1517 2528; x_wconf 90' lang='lat' dir='ltr'>ejus</span> <span class='ocrx_word' id='word_1_732' title='bbox 1534 2487 1634 2516; x_wconf 85' lang='lat' dir='ltr'>verbis</span> 
     </span>
     <span class='ocr_line' id='line_1_115' title="bbox 927 2528 1636 2568; baseline -0.001 -10"><span class='ocrx_word' id='word_1_733' title='bbox 927 2530 965 2558; x_wconf 88' lang='lat' dir='ltr'>ad</span> <span class='ocrx_word' id='word_1_734' title='bbox 989 2541 1017 2568; x_wconf 83' lang='lat' dir='ltr'>p.</span> <span class='ocrx_word' id='word_1_735' title='bbox 1043 2530 1094 2559; x_wconf 84' lang='lat'>15.</span> <span class='ocrx_word' id='word_1_736' title='bbox 1120 2529 1172 2558; x_wconf 86' lang='lat' dir='ltr'>ubi</span> <span class='ocrx_word' id='word_1_737' title='bbox 1193 2529 1237 2558; x_wconf 92' lang='lat' dir='ltr'>sic</span> <span class='ocrx_word' id='word_1_738' title='bbox 1261 2528 1321 2557; x_wconf 85' lang='lat' dir='ltr'>ait:</span> <span class='ocrx_word' id='word_1_739' title='bbox 1347 2529 1484 2568; x_wconf 82' lang='lat' dir='ltr'>templum</span> <span class='ocrx_word' id='word_1_740' title='bbox 1501 2528 1557 2557; x_wconf 77' lang='lat' dir='ltr'>Dei</span> <span class='ocrx_word' id='word_1_741' title='bbox 1575 2539 1636 2558; x_wconf 79' lang='lat' dir='ltr'>ma-</span> 
     </span>
     <span class='ocr_line' id='line_1_116' title="bbox 926 2570 1635 2611; baseline -0.001 -11"><span class='ocrx_word' id='word_1_742' title='bbox 926 2574 990 2607; x_wconf 82' lang='lat' dir='ltr'>tris,</span> <span class='ocrx_word' id='word_1_743' title='bbox 1003 2572 1078 2611; x_wconf 81' lang='lat' dir='ltr'>quod</span> <span class='ocrx_word' id='word_1_744' title='bbox 1096 2570 1234 2611; x_wconf 75' lang='lat' dir='ltr'>Byzantii</span> <span class='ocrx_word' id='word_1_745' title='bbox 1255 2573 1463 2600; x_wconf 79' lang='lat' dir='ltr'>sanctissimum</span> <span class='ocrx_word' id='word_1_746' title='bbox 1473 2570 1555 2611; x_wconf 79' lang='lat' dir='ltr'>fuit,</span> <span class='ocrx_word' id='word_1_747' title='bbox 1571 2577 1635 2600; x_wconf 79' lang='lat' dir='ltr'>erut</span> 
     </span>
     <span class='ocr_line' id='line_1_117' title="bbox 927 2613 1637 2651; baseline 0 -8"><span class='ocrx_word' id='word_1_748' title='bbox 927 2615 965 2643; x_wconf 81' lang='lat' dir='ltr'>ad</span> <span class='ocrx_word' id='word_1_749' title='bbox 980 2615 1042 2651; x_wconf 81' lang='lat' dir='ltr'>ipsa</span> <span class='ocrx_word' id='word_1_750' title='bbox 1058 2615 1138 2643; x_wconf 83' lang='lat' dir='ltr'>urbis</span> <span class='ocrx_word' id='word_1_751' title='bbox 1159 2614 1264 2643; x_wconf 82' lang='lat' dir='ltr'>moenz&#39;a</span> <span class='ocrx_word' id='word_1_752' title='bbox 1286 2619 1313 2643; x_wconf 77' lang='lat' dir='ltr'>et</span> <span class='ocrx_word' id='word_1_753' title='bbox 1335 2615 1404 2643; x_wconf 77' lang='lat' dir='ltr'>ostia</span> <span class='ocrx_word' id='word_1_754' title='bbox 1423 2613 1533 2642; x_wconf 77' lang='lat' dir='ltr'>Euxini</span> <span class='ocrx_word' id='word_1_755' title='bbox 1548 2615 1637 2643; x_wconf 75' lang='lat' dir='ltr'>maris</span> 
     </span>
     <span class='ocr_line' id='line_1_118' title="bbox 928 2655 1636 2693; baseline 0 -8"><span class='ocrx_word' id='word_1_756' title='bbox 928 2658 960 2686; x_wconf 82' lang='lat' dir='ltr'>in</span> <span class='ocrx_word' id='word_1_757' title='bbox 978 2655 1207 2686; x_wconf 75' lang='lat' dir='ltr'>Blacherniano.</span> <span class='ocrx_word' id='word_1_758' title='bbox 1254 2657 1315 2686; x_wconf 90' lang='lat' dir='ltr'>Sed</span> <span class='ocrx_word' id='word_1_759' title='bbox 1339 2657 1377 2685; x_wconf 89' lang='lat' dir='ltr'>de</span> <span class='ocrx_word' id='word_1_760' title='bbox 1394 2666 1429 2685; x_wconf 91' lang='lat' dir='ltr'>eo</span> <span class='ocrx_word' id='word_1_761' title='bbox 1448 2656 1560 2693; x_wconf 90' lang='lat' dir='ltr'>templo</span> <span class='ocrx_word' id='word_1_762' title='bbox 1578 2667 1636 2685; x_wconf 91' lang='lat' dir='ltr'>non</span> 
     </span>
     <span class='ocr_line' id='line_1_119' title="bbox 928 2697 1637 2738; baseline 0.001 -11"><span class='ocrx_word' id='word_1_763' title='bbox 928 2699 1063 2738; x_wconf 87' lang='lat' dir='ltr'>loquitur</span> <span class='ocrx_word' id='word_1_764' title='bbox 1076 2700 1289 2738; x_wconf 85' lang='lat' dir='ltr'>Theophanes,</span> <span class='ocrx_word' id='word_1_765' title='bbox 1304 2698 1357 2727; x_wconf 89' lang='lat' dir='ltr'>sed</span> <span class='ocrx_word' id='word_1_766' title='bbox 1371 2698 1409 2726; x_wconf 92' lang='lat' dir='ltr'>de</span> <span class='ocrx_word' id='word_1_767' title='bbox 1425 2697 1576 2738; x_wconf 75' lang='grc' dir='ltr'>ΙοοοἹερΞν</span> <span class='ocrx_word' id='word_1_768' title='bbox 1591 2699 1637 2728; x_wconf 89' lang='lat' dir='ltr'>di-</span> 
     </span>
     <span class='ocr_line' id='line_1_120' title="bbox 930 2738 1638 2780; baseline 0 -9"><span class='ocrx_word' id='word_1_769' title='bbox 930 2746 992 2777; x_wconf 90' lang='lat' dir='ltr'>cto,</span> <span class='ocrx_word' id='word_1_770' title='bbox 1013 2738 1063 2770; x_wconf 77' lang='lat' dir='ltr'>ubi</span> <span class='ocrx_word' id='word_1_771' title='bbox 1081 2742 1246 2780; x_wconf 84' lang='lat' dir='ltr'>vectigalia</span> <span class='ocrx_word' id='word_1_772' title='bbox 1270 2751 1382 2774; x_wconf 88' lang='lat' dir='ltr'>rerum,</span> <span class='ocrx_word' id='word_1_773' title='bbox 1404 2750 1472 2778; x_wconf 83' lang='lat' dir='ltr'>quae</span> <span class='ocrx_word' id='word_1_774' title='bbox 1495 2750 1511 2769; x_wconf 89' lang='lat' dir='ltr'>e</span> <span class='ocrx_word' id='word_1_775' title='bbox 1538 2742 1638 2771; x_wconf 90' lang='lat' dir='ltr'>Ponto</span> 
     </span>
     <span class='ocr_line' id='line_1_121' title="bbox 933 2782 1640 2820; baseline 0 -6"><span class='ocrx_word' id='word_1_776' title='bbox 933 2784 1054 2814; x_wconf 80' lang='lat' dir='ltr'>Euxino</span> <span class='ocrx_word' id='word_1_777' title='bbox 1084 2785 1298 2818; x_wconf 80' lang='lat' dir='ltr'>afferebantur,</span> <span class='ocrx_word' id='word_1_778' title='bbox 1330 2782 1569 2820; x_wconf 67' lang='lat' dir='ltr'>colligebantur3</span> <span class='ocrx_word' id='word_1_779' title='bbox 1606 2791 1640 2814; x_wconf 90' lang='lat' dir='ltr'>ut</span> 
     </span>
     <span class='ocr_line' id='line_1_122' title="bbox 931 2825 1641 2866; baseline 0 -9"><span class='ocrx_word' id='word_1_780' title='bbox 931 2837 1044 2862; x_wconf 88' lang='lat' dir='ltr'>rerum,</span> <span class='ocrx_word' id='word_1_781' title='bbox 1061 2837 1127 2866; x_wconf 83' lang='lat' dir='ltr'>quae</span> <span class='ocrx_word' id='word_1_782' title='bbox 1150 2828 1187 2856; x_wconf 89' lang='lat' dir='ltr'>ab</span> <span class='ocrx_word' id='word_1_783' title='bbox 1210 2827 1317 2864; x_wconf 83' lang='lat' dir='ltr'>AEgaeo</span> <span class='ocrx_word' id='word_1_784' title='bbox 1339 2829 1370 2854; x_wconf 82' lang='lat' dir='ltr'>et</span> <span class='ocrx_word' id='word_1_785' title='bbox 1392 2825 1641 2857; x_wconf 82' lang='lat' dir='ltr'>meridionalibus</span> 
     </span>
     <span class='ocr_line' id='line_1_123' title="bbox 931 2867 1641 2909; baseline 0 -10"><span class='ocrx_word' id='word_1_786' title='bbox 931 2870 1069 2909; x_wconf 86' lang='lat' dir='ltr'>partibus</span> <span class='ocrx_word' id='word_1_787' title='bbox 1096 2869 1353 2901; x_wconf 57' lang='lat' dir='ltr'>¹‹ubvehebantun</span> <span class='ocrx_word' id='word_1_788' title='bbox 1379 2867 1511 2906; x_wconf 87' lang='lat' dir='ltr'>vectigal</span> <span class='ocrx_word' id='word_1_789' title='bbox 1539 2870 1641 2899; x_wconf 79' lang='lat' dir='ltr'>solve-</span> 
     </span>
     <span class='ocr_line' id='line_1_124' title="bbox 934 2909 1641 2951; baseline 0 -8"><span class='ocrx_word' id='word_1_790' title='bbox 934 2914 1022 2943; x_wconf 89' lang='lat' dir='ltr'>batur</span> <span class='ocrx_word' id='word_1_791' title='bbox 1037 2912 1067 2942; x_wconf 92' lang='lat' dir='ltr'>in</span> <span class='ocrx_word' id='word_1_792' title='bbox 1085 2912 1205 2951; x_wconf 78' lang='lat' dir='ltr'>Abydo.</span> <span class='ocrx_word' id='word_1_793' title='bbox 1250 2911 1298 2940; x_wconf 85' lang='lat' dir='ltr'>Ita</span> <span class='ocrx_word' id='word_1_794' title='bbox 1322 2909 1552 2949; x_wconf 82' lang='lat' dir='ltr'>intelligendum</span> <span class='ocrx_word' id='word_1_795' title='bbox 1575 2923 1641 2943; x_wconf 72' lang='lat' dir='ltr'>esse</span> 
     </span>
    </p>
   </div>
  </div>
 </body>
</html>
