<?xml version="1.0" encoding="UTF-8"?>
<!DOCTYPE html PUBLIC "-//W3C//DTD XHTML 1.0 Transitional//EN"
    "http://www.w3.org/TR/xhtml1/DTD/xhtml1-transitional.dtd">
<html xmlns="http://www.w3.org/1999/xhtml" xml:lang="en" lang="en">
 <head>
  <title>
</title>
<meta http-equiv="Content-Type" content="text/html;charset=utf-8" />
  <meta name='ocr-system' content='tesseract 3.04.00' />
  <meta name='ocr-capabilities' content='ocr_page ocr_carea ocr_par ocr_line ocrx_word'/>
</head>
<body>
  <div class='ocr_page' id='page_1' title='image "./oratoresatticie07dobs_0017.png"; bbox 0 0 1912 3187; ppageno 0'>
   <div class='ocr_carea' id='block_1_1' title="bbox 529 85 1674 141">
    <p class='ocr_par' dir='ltr' id='par_1_1' title="bbox 529 85 1674 141">
     <span class='ocr_line' id='line_1_1' title="bbox 529 85 1674 141; baseline -0.006 0"><span class='ocrx_word' id='word_1_1' title='bbox 529 99 612 140; x_wconf 80' lang='lat' dir='ltr'>AD</span> <span class='ocrx_word' id='word_1_2' title='bbox 645 99 742 140; x_wconf 83' lang='lat' dir='ltr'>OR.</span> <span class='ocrx_word' id='word_1_3' title='bbox 771 98 1016 141; x_wconf 82' lang='lat' dir='ltr'>CONTRA</span> <span class='ocrx_word' id='word_1_4' title='bbox 1049 98 1304 140; x_wconf 83' lang='lat' dir='ltr'><strong>MIDIAM.</strong></span> <span class='ocrx_word' id='word_1_5' title='bbox 1638 85 1674 134; x_wconf 82' lang='grc'><em>5</em></span> 
     </span>
    </p>
   </div>
   <div class='ocr_carea' id='block_1_2' title="bbox 211 204 1674 2896">
    <p class='ocr_par' dir='ltr' id='par_1_2' title="bbox 216 204 1674 809">
     <span class='ocr_line' id='line_1_2' title="bbox 222 204 1671 257; baseline 0 -15"><span class='ocrx_word' id='word_1_6' title='bbox 222 205 388 255; x_wconf 86' lang='lat' dir='ltr'>plorata,</span> <span class='ocrx_word' id='word_1_7' title='bbox 416 205 490 243; x_wconf 91' lang='lat' dir='ltr'>utri</span> <span class='ocrx_word' id='word_1_8' title='bbox 523 206 610 244; x_wconf 89' lang='lat' dir='ltr'>loco</span> <span class='ocrx_word' id='word_1_9' title='bbox 643 206 860 255; x_wconf 86' lang='lat' dir='ltr'>argumenti</span> <span class='ocrx_word' id='word_1_10' title='bbox 888 219 932 243; x_wconf 85' lang='lat' dir='ltr'>ea</span> <span class='ocrx_word' id='word_1_11' title='bbox 960 208 1066 257; x_wconf 81' lang='grc' dir='ltr'><em>ῥῆσις</em></span> <span class='ocrx_word' id='word_1_12' title='bbox 1099 206 1302 244; x_wconf 84' lang='lat' dir='ltr'>decentius</span> <span class='ocrx_word' id='word_1_13' title='bbox 1329 204 1569 252; x_wconf 83' lang='lat' dir='ltr'>conveniret)</span> <span class='ocrx_word' id='word_1_14' title='bbox 1588 218 1671 242; x_wconf 73' lang='lat' dir='ltr'>xer-</span> 
     </span>
     <span class='ocr_line' id='line_1_3' title="bbox 225 266 1674 317; baseline -0.001 -13"><span class='ocrx_word' id='word_1_15' title='bbox 225 267 284 304; x_wconf 78' lang='lat' dir='ltr'>bis</span> <span class='ocrx_word' id='word_1_16' title='bbox 317 266 519 317; x_wconf 83' lang='lat' dir='ltr'>ipsissimis</span> <span class='ocrx_word' id='word_1_17' title='bbox 548 274 587 304; x_wconf 87' lang='lat' dir='ltr'>et</span> <span class='ocrx_word' id='word_1_18' title='bbox 628 267 880 305; x_wconf 84' lang='lat' dir='ltr'>disertissima</span> <span class='ocrx_word' id='word_1_19' title='bbox 918 268 1090 305; x_wconf 79' lang='lat' dir='ltr'>oratione</span> <span class='ocrx_word' id='word_1_20' title='bbox 1125 274 1286 317; x_wconf 76' lang='lat' dir='ltr'>repetat.</span> <span class='ocrx_word' id='word_1_21' title='bbox 1318 266 1582 303; x_wconf 72' lang='lat' dir='ltr'>verosimilius</span> <span class='ocrx_word' id='word_1_22' title='bbox 1615 273 1674 303; x_wconf 86' lang='lat' dir='ltr'>est</span> 
     </span>
     <span class='ocr_line' id='line_1_4' title="bbox 222 327 1673 377; baseline -0.001 -13"><span class='ocrx_word' id='word_1_23' title='bbox 222 328 360 373; x_wconf 88' lang='lat' dir='ltr'>multo,</span> <span class='ocrx_word' id='word_1_24' title='bbox 382 328 466 366; x_wconf 83' lang='lat' dir='ltr'>haec</span> <span class='ocrx_word' id='word_1_25' title='bbox 496 342 542 365; x_wconf 88' lang='lat' dir='ltr'>ex</span> <span class='ocrx_word' id='word_1_26' title='bbox 577 328 846 373; x_wconf 76' lang='lat' dir='ltr'>inconstantia,</span> <span class='ocrx_word' id='word_1_27' title='bbox 871 335 910 365; x_wconf 90' lang='lat' dir='ltr'>ut</span> <span class='ocrx_word' id='word_1_28' title='bbox 930 329 1023 375; x_wconf 75' lang='lat' dir='ltr'>dixi,</span> <span class='ocrx_word' id='word_1_29' title='bbox 1056 329 1238 365; x_wconf 77' lang='lat' dir='ltr'>Auctoris</span> <span class='ocrx_word' id='word_1_30' title='bbox 1268 327 1458 377; x_wconf 83' lang='lat' dir='ltr'>profecta,</span> <span class='ocrx_word' id='word_1_31' title='bbox 1480 327 1547 376; x_wconf 91' lang='lat' dir='ltr'>qui</span> <span class='ocrx_word' id='word_1_32' title='bbox 1578 340 1673 363; x_wconf 81' lang='lat' dir='ltr'>nen-</span> 
     </span>
     <span class='ocr_line' id='line_1_5' title="bbox 222 389 1671 440; baseline -0.001 -15"><span class='ocrx_word' id='word_1_33' title='bbox 222 389 315 426; x_wconf 89' lang='lat' dir='ltr'>dum</span> <span class='ocrx_word' id='word_1_34' title='bbox 346 403 422 426; x_wconf 79' lang='lat' dir='ltr'>reni</span> <span class='ocrx_word' id='word_1_35' title='bbox 457 390 505 427; x_wconf 81' lang='lat' dir='ltr'>ad</span> <span class='ocrx_word' id='word_1_36' title='bbox 538 390 680 427; x_wconf 82' lang='lat' dir='ltr'>exitum</span> <span class='ocrx_word' id='word_1_37' title='bbox 703 391 949 440; x_wconf 83' lang='lat' dir='ltr'>perduxerat,</span> <span class='ocrx_word' id='word_1_38' title='bbox 970 403 1085 439; x_wconf 85' lang='lat' dir='ltr'>quam</span> <span class='ocrx_word' id='word_1_39' title='bbox 1115 389 1292 433; x_wconf 85' lang='lat' dir='ltr'>consilio,</span> <span class='ocrx_word' id='word_1_40' title='bbox 1315 394 1353 425; x_wconf 86' lang='lat' dir='ltr'>et</span> <span class='ocrx_word' id='word_1_41' title='bbox 1382 401 1452 425; x_wconf 83' lang='lat' dir='ltr'>usu</span> <span class='ocrx_word' id='word_1_42' title='bbox 1485 395 1671 433; x_wconf 78' lang='lat' dir='ltr'>veterum,</span> 
     </span>
     <span class='ocr_line' id='line_1_6' title="bbox 220 450 1672 501; baseline -0.001 -14"><span class='ocrx_word' id='word_1_43' title='bbox 220 458 263 488; x_wconf 89' lang='lat' dir='ltr'>ut</span> <span class='ocrx_word' id='word_1_44' title='bbox 279 458 445 501; x_wconf 77' lang='lat' dir='ltr'>nugatur</span> <span class='ocrx_word' id='word_1_45' title='bbox 465 452 711 492; x_wconf 80' lang='lat' dir='ltr'>scholiastes.</span> <span class='ocrx_word' id='word_1_46' title='bbox 768 452 847 495; x_wconf 85' lang='lat' dir='ltr'>Qui</span> <span class='ocrx_word' id='word_1_47' title='bbox 870 458 1078 501; x_wconf 87' lang='lat' dir='ltr'>utrumque</span> <span class='ocrx_word' id='word_1_48' title='bbox 1107 453 1235 489; x_wconf 84' lang='lat' dir='ltr'>locum</span> <span class='ocrx_word' id='word_1_49' title='bbox 1255 450 1570 500; x_wconf 80' lang='lat' dir='ltr'>expensitaverit‚</span> <span class='ocrx_word' id='word_1_50' title='bbox 1594 463 1672 486; x_wconf 86' lang='lat' dir='ltr'>me·</span> 
     </span>
     <span class='ocr_line' id='line_1_7' title="bbox 218 511 1672 562; baseline -0.002 -13"><span class='ocrx_word' id='word_1_51' title='bbox 218 525 306 550; x_wconf 86' lang='lat' dir='ltr'>cum</span> <span class='ocrx_word' id='word_1_52' title='bbox 328 515 480 552; x_wconf 83' lang='lat' dir='ltr'>sentiet.</span> <span class='ocrx_word' id='word_1_53' title='bbox 538 513 706 552; x_wconf 87' lang='lat' dir='ltr'>Criticus</span> <span class='ocrx_word' id='word_1_54' title='bbox 727 526 778 557; x_wconf 57' lang='lat' dir='ltr'>ex</span> <span class='ocrx_word' id='word_1_55' title='bbox 793 513 1076 562; x_wconf 84' lang='lat' dir='ltr'>antiquioribus</span> <span class='ocrx_word' id='word_1_56' title='bbox 1093 512 1285 550; x_wconf 78' lang='lat' dir='ltr'>memoriae</span> <span class='ocrx_word' id='word_1_57' title='bbox 1303 511 1489 561; x_wconf 84' lang='lat' dir='ltr'>prodidit,</span> <span class='ocrx_word' id='word_1_58' title='bbox 1508 511 1672 547; x_wconf 82' lang='lat' dir='ltr'>multum</span> 
     </span>
     <span class='ocr_line' id='line_1_8' title="bbox 217 573 1672 625; baseline -0.003 -14"><span class='ocrx_word' id='word_1_59' title='bbox 217 573 256 611; x_wconf 89' lang='lat' dir='ltr'>in</span> <span class='ocrx_word' id='word_1_60' title='bbox 287 575 360 612; x_wconf 84' lang='lat' dir='ltr'>hac</span> <span class='ocrx_word' id='word_1_61' title='bbox 395 575 568 613; x_wconf 82' lang='lat' dir='ltr'>oratione</span> <span class='ocrx_word' id='word_1_62' title='bbox 600 574 811 625; x_wconf 81' lang='lat' dir='ltr'>profecisse</span> <span class='ocrx_word' id='word_1_63' title='bbox 853 576 1153 612; x_wconf 77' lang='lat' dir='ltr'>Demosthenem</span> <span class='ocrx_word' id='word_1_64' title='bbox 1175 588 1221 611; x_wconf 86' lang='lat' dir='ltr'>ex</span> <span class='ocrx_word' id='word_1_65' title='bbox 1262 573 1386 623; x_wconf 81' lang='lat' dir='ltr'>Lysia,</span> <span class='ocrx_word' id='word_1_66' title='bbox 1416 573 1592 622; x_wconf 78' lang='lat' dir='ltr'>Lycurgo</span> <span class='ocrx_word' id='word_1_67' title='bbox 1631 578 1672 608; x_wconf 83' lang='lat' dir='ltr'>et</span> 
     </span>
     <span class='ocr_line' id='line_1_9' title="bbox 218 633 1672 687; baseline -0.001 -15"><span class='ocrx_word' id='word_1_68' title='bbox 218 635 333 674; x_wconf 85' lang='lat' dir='ltr'>Isaeo.</span> <span class='ocrx_word' id='word_1_69' title='bbox 387 636 630 687; x_wconf 59' lang='grc' dir='ltr'>Δημοσθένης</span> <span class='ocrx_word' id='word_1_70' title='bbox 655 640 709 679; x_wconf 80' lang='grc' dir='ltr'>εἷς</span> <span class='ocrx_word' id='word_1_71' title='bbox 737 637 802 674; x_wconf 82' lang='grc' dir='ltr'>τὸν</span> <span class='ocrx_word' id='word_1_72' title='bbox 822 640 914 674; x_wconf 75' lang='grc' dir='ltr'>κατά</span> <span class='ocrx_word' id='word_1_73' title='bbox 934 635 1086 673; x_wconf 56' lang='lat' dir='ltr'>Medion</span> <span class='ocrx_word' id='word_1_74' title='bbox 1101 637 1145 673; x_wconf 82' lang='grc' dir='ltr'>τά</span> <span class='ocrx_word' id='word_1_75' title='bbox 1167 651 1202 673; x_wconf 85' lang='grc' dir='ltr'>τε</span> <span class='ocrx_word' id='word_1_76' title='bbox 1216 635 1362 672; x_wconf 85' lang='grc' dir='ltr'>Λυσίου</span> <span class='ocrx_word' id='word_1_77' title='bbox 1379 635 1436 670; x_wconf 76' lang='grc' dir='ltr'>καὶ</span> <span class='ocrx_word' id='word_1_78' title='bbox 1452 633 1672 682; x_wconf 70' lang='grc' dir='ltr'>Λυκούργου</span> 
     </span>
     <span class='ocr_line' id='line_1_10' title="bbox 216 693 1672 748; baseline -0.001 -14"><span class='ocrx_word' id='word_1_79' title='bbox 216 697 255 734; x_wconf 69' lang='grc' dir='ltr'>ἐκ</span> <span class='ocrx_word' id='word_1_80' title='bbox 285 704 357 735; x_wconf 86' lang='grc' dir='ltr'>τῶν</span> <span class='ocrx_word' id='word_1_81' title='bbox 382 705 446 743; x_wconf 88' lang='grc' dir='ltr'>τῆς</span> <span class='ocrx_word' id='word_1_82' title='bbox 469 696 611 748; x_wconf 75' lang='grc' dir='ltr'>ὕβρεως</span> <span class='ocrx_word' id='word_1_83' title='bbox 632 700 771 746; x_wconf 86' lang='grc' dir='ltr'>λόγων,</span> <span class='ocrx_word' id='word_1_84' title='bbox 789 699 847 734; x_wconf 77' lang='grc' dir='ltr'>καὶ</span> <span class='ocrx_word' id='word_1_85' title='bbox 868 701 916 736; x_wconf 64' lang='grc' dir='ltr'>τά</span> <span class='ocrx_word' id='word_1_86' title='bbox 935 697 1074 735; x_wconf 77' lang='grc' dir='ltr'>Ἰσαίου</span> <span class='ocrx_word' id='word_1_87' title='bbox 1091 698 1129 734; x_wconf 80' lang='grc' dir='ltr'>ἐκ</span> <span class='ocrx_word' id='word_1_88' title='bbox 1149 703 1221 735; x_wconf 79' lang='grc' dir='ltr'>τῶν</span> <span class='ocrx_word' id='word_1_89' title='bbox 1240 699 1332 733; x_wconf 71' lang='grc' dir='ltr'>κατὰ</span> <span class='ocrx_word' id='word_1_90' title='bbox 1351 695 1548 736; x_wconf 76' lang='grc' dir='ltr'>Διοκλέους</span> <span class='ocrx_word' id='word_1_91' title='bbox 1565 693 1672 744; x_wconf 72' lang='grc' dir='ltr'>ὕβρε-</span> 
     </span>
     <span class='ocr_line' id='line_1_11' title="bbox 218 759 943 809; baseline 0.003 -14"><span class='ocrx_word' id='word_1_92' title='bbox 218 775 268 801; x_wconf 84' lang='grc' dir='ltr'>ως</span> <span class='ocrx_word' id='word_1_93' title='bbox 293 762 532 809; x_wconf 74' lang='grc' dir='ltr'>μετενὴἰόχε.</span> <span class='ocrx_word' id='word_1_94' title='bbox 588 759 714 796; x_wconf 80' lang='lat' dir='ltr'>Theo.</span> <span class='ocrx_word' id='word_1_95' title='bbox 738 759 943 809; x_wconf 72' lang='lat' dir='ltr'>Progymn.</span> 
     </span>
    </p>

    <p class='ocr_par' dir='ltr' id='par_1_3' title="bbox 211 817 1674 2521">
     <span class='ocr_line' id='line_1_12' title="bbox 271 817 1673 870; baseline -0.002 -13"><span class='ocrx_word' id='word_1_96' title='bbox 271 820 454 858; x_wconf 87' lang='lat' dir='ltr'>Instituta</span> <span class='ocrx_word' id='word_1_97' title='bbox 470 820 542 857; x_wconf 81' lang='lat' dir='ltr'>suit</span> <span class='ocrx_word' id='word_1_98' title='bbox 559 820 644 857; x_wconf 83' lang='lat' dir='ltr'>haec</span> <span class='ocrx_word' id='word_1_99' title='bbox 664 833 795 870; x_wconf 83' lang='lat' dir='ltr'>causa,</span> <span class='ocrx_word' id='word_1_100' title='bbox 817 833 905 857; x_wconf 86' lang='lat' dir='ltr'>cum</span> <span class='ocrx_word' id='word_1_101' title='bbox 926 819 1210 857; x_wconf 83' lang='lat' dir='ltr'>Demosthenes</span> <span class='ocrx_word' id='word_1_102' title='bbox 1231 832 1374 856; x_wconf 88' lang='lat' dir='ltr'>annum</span> <span class='ocrx_word' id='word_1_103' title='bbox 1394 817 1520 855; x_wconf 82' lang='lat' dir='ltr'>aetatis</span> <span class='ocrx_word' id='word_1_104' title='bbox 1540 823 1673 868; x_wconf 83' lang='lat' dir='ltr'>ageret</span> 
     </span>
     <span class='ocr_line' id='line_1_13' title="bbox 217 879 1670 928; baseline -0.003 -9"><span class='ocrx_word' id='word_1_105' title='bbox 217 885 282 919; x_wconf 84' lang='lat'>33.</span> <span class='ocrx_word' id='word_1_106' title='bbox 338 882 427 918; x_wconf 81' lang='lat' dir='ltr'>Hoc</span> <span class='ocrx_word' id='word_1_107' title='bbox 460 881 712 919; x_wconf 80' lang='lat' dir='ltr'>disertissime</span> <span class='ocrx_word' id='word_1_108' title='bbox 754 887 915 919; x_wconf 82' lang='lat' dir='ltr'>testatur</span> <span class='ocrx_word' id='word_1_109' title='bbox 951 881 1182 919; x_wconf 84' lang='lat' dir='ltr'>Plutarchus</span> <span class='ocrx_word' id='word_1_110' title='bbox 1222 881 1260 917; x_wconf 90' lang='lat' dir='ltr'>in</span> <span class='ocrx_word' id='word_1_111' title='bbox 1297 880 1385 926; x_wconf 84' lang='lat' dir='ltr'>vita,</span> <span class='ocrx_word' id='word_1_112' title='bbox 1418 886 1536 928; x_wconf 83' lang='lat' dir='ltr'>atque</span> <span class='ocrx_word' id='word_1_113' title='bbox 1572 879 1670 916; x_wconf 82' lang='lat' dir='ltr'>adeo</span> 
     </span>
     <span class='ocr_line' id='line_1_14' title="bbox 219 941 1669 994; baseline -0.001 -14"><span class='ocrx_word' id='word_1_114' title='bbox 219 943 365 981; x_wconf 84' lang='lat' dir='ltr'>Orator</span> <span class='ocrx_word' id='word_1_115' title='bbox 385 943 480 993; x_wconf 83' lang='lat' dir='ltr'>ipse,</span> <span class='ocrx_word' id='word_1_116' title='bbox 519 951 546 989; x_wconf 64' lang='grc' dir='ltr'>ς.</span> <span class='ocrx_word' id='word_1_117' title='bbox 578 944 656 994; x_wconf 84' lang='grc' dir='ltr'>μγ’.</span> <span class='ocrx_word' id='word_1_118' title='bbox 683 942 787 986; x_wconf 77' lang='grc' dir='ltr'>οὗτος</span> <span class='ocrx_word' id='word_1_119' title='bbox 814 944 879 991; x_wconf 85' lang='lat' dir='ltr'>&lt;de</span> <span class='ocrx_word' id='word_1_120' title='bbox 911 943 1034 980; x_wconf 85' lang='lat' dir='ltr'>Midia</span> <span class='ocrx_word' id='word_1_121' title='bbox 1073 944 1192 980; x_wconf 82' lang='lat' dir='ltr'>verba</span> <span class='ocrx_word' id='word_1_122' title='bbox 1223 943 1387 989; x_wconf 78' lang='lat' dir='ltr'>faciens)</span> <span class='ocrx_word' id='word_1_123' title='bbox 1414 945 1578 990; x_wconf 79' lang='grc' dir='ltr'>γεγονὼς</span> <span class='ocrx_word' id='word_1_124' title='bbox 1610 941 1669 988; x_wconf 79' lang='grc' dir='ltr'>’ἐτη</span> 
     </span>
     <span class='ocr_line' id='line_1_15' title="bbox 216 1004 1671 1055; baseline -0.002 -13"><span class='ocrx_word' id='word_1_125' title='bbox 216 1008 300 1055; x_wconf 83' lang='grc' dir='ltr'>περὶ</span> <span class='ocrx_word' id='word_1_126' title='bbox 318 1007 557 1050; x_wconf 77' lang='grc' dir='ltr'>πεντήκοντα,</span> <span class='ocrx_word' id='word_1_127' title='bbox 576 1004 680 1043; x_wconf 65' lang='grc' dir='ltr'>οὐδὲν</span> <span class='ocrx_word' id='word_1_128' title='bbox 699 1006 788 1055; x_wconf 79' lang='grc' dir='ltr'>ἐμοῦ</span> <span class='ocrx_word' id='word_1_129' title='bbox 808 1008 958 1048; x_wconf 76' lang='grc' dir='ltr'>πλείους</span> <span class='ocrx_word' id='word_1_130' title='bbox 980 1008 1216 1055; x_wconf 76' lang='grc' dir='ltr'>λειτουργίας</span> <span class='ocrx_word' id='word_1_131' title='bbox 1247 1006 1333 1055; x_wconf 70' lang='grc' dir='ltr'>ὑμῖν</span> <span class='ocrx_word' id='word_1_132' title='bbox 1360 1007 1671 1052; x_wconf 54' lang='grc' dir='ltr'>λελῃτούργηκεν,</span> 
     </span>
     <span class='ocr_line' id='line_1_16' title="bbox 217 1064 1673 1116; baseline -0.002 -13"><span class='ocrx_word' id='word_1_133' title='bbox 217 1067 261 1109; x_wconf 80' lang='grc' dir='ltr'>ὃς</span> <span class='ocrx_word' id='word_1_134' title='bbox 286 1066 346 1104; x_wconf 75' lang='grc' dir='ltr'>δύο</span> <span class='ocrx_word' id='word_1_135' title='bbox 371 1069 430 1103; x_wconf 79' lang='grc' dir='ltr'>καὶ</span> <span class='ocrx_word' id='word_1_136' title='bbox 450 1067 642 1116; x_wconf 62' lang='grc' dir='ltr'>τριάκοντα</span> <span class='ocrx_word' id='word_1_137' title='bbox 665 1066 726 1112; x_wconf 79' lang='grc' dir='ltr'>ἔτη</span> <span class='ocrx_word' id='word_1_138' title='bbox 744 1070 903 1115; x_wconf 83' lang='grc' dir='ltr'>γέγονα.</span> <span class='ocrx_word' id='word_1_139' title='bbox 958 1067 1074 1104; x_wconf 78' lang='lat' dir='ltr'>Juxta</span> <span class='ocrx_word' id='word_1_140' title='bbox 1091 1066 1256 1103; x_wconf 76' lang='lat' dir='ltr'>eundem</span> <span class='ocrx_word' id='word_1_141' title='bbox 1277 1065 1541 1112; x_wconf 76' lang='lat' dir='ltr'>Plutarchum,</span> <span class='ocrx_word' id='word_1_142' title='bbox 1565 1064 1673 1101; x_wconf 88' lang='lat' dir='ltr'>Zosi-</span> 
     </span>
     <span class='ocr_line' id='line_1_17' title="bbox 219 1125 1669 1177; baseline -0.002 -12"><span class='ocrx_word' id='word_1_143' title='bbox 219 1140 336 1172; x_wconf 86' lang='lat' dir='ltr'>mum‚</span> <span class='ocrx_word' id='word_1_144' title='bbox 361 1127 459 1164; x_wconf 77' lang='lat' dir='ltr'>Vit‘ce</span> <span class='ocrx_word' id='word_1_145' title='bbox 484 1128 718 1176; x_wconf 79' lang='lat' dir='ltr'>Scriptores,</span> <span class='ocrx_word' id='word_1_146' title='bbox 751 1127 982 1177; x_wconf 82' lang='lat' dir='ltr'>Dionysium</span> <span class='ocrx_word' id='word_1_147' title='bbox 1003 1127 1128 1164; x_wconf 79' lang='lat' dir='ltr'>Halic.</span> <span class='ocrx_word' id='word_1_148' title='bbox 1148 1133 1390 1175; x_wconf 83' lang='lat' dir='ltr'>caeterosque</span> <span class='ocrx_word' id='word_1_149' title='bbox 1413 1125 1488 1162; x_wconf 79' lang='lat' dir='ltr'>fide</span> <span class='ocrx_word' id='word_1_150' title='bbox 1518 1126 1669 1175; x_wconf 76' lang='lat' dir='ltr'>dignos,</span> 
     </span>
     <span class='ocr_line' id='line_1_18' title="bbox 220 1187 1672 1238; baseline 0 -14"><span class='ocrx_word' id='word_1_151' title='bbox 220 1194 332 1224; x_wconf 86' lang='lat' dir='ltr'>natus</span> <span class='ocrx_word' id='word_1_152' title='bbox 349 1194 431 1225; x_wconf 88' lang='lat' dir='ltr'>erat</span> <span class='ocrx_word' id='word_1_153' title='bbox 454 1188 737 1225; x_wconf 86' lang='lat' dir='ltr'>Demosthenes</span> <span class='ocrx_word' id='word_1_154' title='bbox 758 1201 873 1232; x_wconf 89' lang='lat' dir='ltr'>ann0,</span> <span class='ocrx_word' id='word_1_155' title='bbox 903 1188 970 1238; x_wconf 88' lang='lat' dir='ltr'>qui</span> <span class='ocrx_word' id='word_1_156' title='bbox 993 1187 1254 1224; x_wconf 70' lang='lat' dir='ltr'>Centesimum</span> <span class='ocrx_word' id='word_1_157' title='bbox 1288 1187 1562 1236; x_wconf 52' lang='lat' dir='ltr'>Oljmpiadem</span> <span class='ocrx_word' id='word_1_158' title='bbox 1585 1200 1672 1236; x_wconf 83' lang='lat' dir='ltr'>pro-</span> 
     </span>
     <span class='ocr_line' id='line_1_19' title="bbox 219 1248 1671 1296; baseline 0.001 -11"><span class='ocrx_word' id='word_1_159' title='bbox 219 1249 318 1285; x_wconf 80' lang='lat' dir='ltr'>xime</span> <span class='ocrx_word' id='word_1_160' title='bbox 338 1248 533 1291; x_wconf 86' lang='lat' dir='ltr'>anteibat;</span> <span class='ocrx_word' id='word_1_161' title='bbox 565 1248 616 1285; x_wconf 82' lang='lat' dir='ltr'>ita</span> <span class='ocrx_word' id='word_1_162' title='bbox 636 1255 676 1285; x_wconf 90' lang='lat' dir='ltr'>ut</span> <span class='ocrx_word' id='word_1_163' title='bbox 695 1248 780 1284; x_wconf 74' lang='lat' dir='ltr'>haec</span> <span class='ocrx_word' id='word_1_164' title='bbox 802 1248 942 1294; x_wconf 82' lang='lat' dir='ltr'>Causa,</span> <span class='ocrx_word' id='word_1_165' title='bbox 973 1261 1055 1284; x_wconf 79' lang='lat' dir='ltr'>eain</span> <span class='ocrx_word' id='word_1_166' title='bbox 1080 1261 1156 1284; x_wconf 88' lang='lat' dir='ltr'>rem</span> <span class='ocrx_word' id='word_1_167' title='bbox 1180 1254 1284 1284; x_wconf 84' lang='lat' dir='ltr'>recte</span> <span class='ocrx_word' id='word_1_168' title='bbox 1314 1254 1550 1296; x_wconf 79' lang='lat' dir='ltr'>supputante</span> <span class='ocrx_word' id='word_1_169' title='bbox 1582 1249 1671 1286; x_wconf 87' lang='lat' dir='ltr'>eod.</span> 
     </span>
     <span class='ocr_line' id='line_1_20' title="bbox 218 1308 1672 1359; baseline 0.002 -15"><span class='ocrx_word' id='word_1_170' title='bbox 218 1308 424 1358; x_wconf 74' lang='lat' dir='ltr'>Dionysio,</span> <span class='ocrx_word' id='word_1_171' title='bbox 456 1309 492 1344; x_wconf 87' lang='lat' dir='ltr'>in</span> <span class='ocrx_word' id='word_1_172' title='bbox 532 1321 672 1344; x_wconf 72' lang='lat' dir='ltr'>animm</span> <span class='ocrx_word' id='word_1_173' title='bbox 704 1315 885 1358; x_wconf 84' lang='lat' dir='ltr'>quartum</span> <span class='ocrx_word' id='word_1_174' title='bbox 917 1309 1078 1359; x_wconf 76' lang='lat' dir='ltr'>Olymp.</span> <span class='ocrx_word' id='word_1_175' title='bbox 1114 1308 1240 1345; x_wconf 71' lang='lat' dir='ltr'>CVII.</span> <span class='ocrx_word' id='word_1_176' title='bbox 1275 1308 1447 1352; x_wconf 84' lang='lat' dir='ltr'>caderet,</span> <span class='ocrx_word' id='word_1_177' title='bbox 1485 1309 1672 1347; x_wconf 77' lang='lat' dir='ltr'>archonte</span> 
     </span>
     <span class='ocr_line' id='line_1_21' title="bbox 214 1369 1674 1420; baseline 0.001 -14"><span class='ocrx_word' id='word_1_178' title='bbox 214 1369 378 1407; x_wconf 75' lang='lat' dir='ltr'>Athenis</span> <span class='ocrx_word' id='word_1_179' title='bbox 401 1369 653 1407; x_wconf 79' lang='lat' dir='ltr'>Callimacho.</span> <span class='ocrx_word' id='word_1_180' title='bbox 697 1374 805 1408; x_wconf 48' lang='lat' dir='ltr'>Kal-ci</span> <span class='ocrx_word' id='word_1_181' title='bbox 837 1375 967 1408; x_wconf 81' lang='grc' dir='ltr'>τοῦτον</span> <span class='ocrx_word' id='word_1_182' title='bbox 996 1372 1209 1420; x_wconf 82' lang='grc' dir='ltr'>γέγραπται</span> <span class='ocrx_word' id='word_1_183' title='bbox 1239 1369 1302 1407; x_wconf 84' lang='grc' dir='ltr'>τὸν</span> <span class='ocrx_word' id='word_1_184' title='bbox 1323 1370 1517 1420; x_wconf 70' lang='grc' dir='ltr'>’Ἄρχοντα</span> <span class='ocrx_word' id='word_1_185' title='bbox 1538 1372 1674 1420; x_wconf 75' lang='lat' dir='ltr'>[Calli-</span> 
     </span>
     <span class='ocr_line' id='line_1_22' title="bbox 214 1431 1673 1485; baseline 0.003 -18"><span class='ocrx_word' id='word_1_186' title='bbox 214 1431 414 1485; x_wconf 75' lang='lat' dir='ltr'>machum]</span> <span class='ocrx_word' id='word_1_187' title='bbox 453 1433 511 1468; x_wconf 71' lang='grc' dir='ltr'>καὶ</span> <span class='ocrx_word' id='word_1_188' title='bbox 536 1432 555 1468; x_wconf 84' lang='grc' dir='ltr'>ὁ</span> <span class='ocrx_word' id='word_1_189' title='bbox 585 1435 679 1468; x_wconf 68' lang='grc' dir='ltr'>κατὰ</span> <span class='ocrx_word' id='word_1_190' title='bbox 715 1431 871 1468; x_wconf 49' lang='grc' dir='ltr'>Ε’Ῑειὲίου</span> <span class='ocrx_word' id='word_1_191' title='bbox 902 1434 1030 1480; x_wconf 79' lang='grc' dir='ltr'>λόγος,</span> <span class='ocrx_word' id='word_1_192' title='bbox 1057 1433 1100 1468; x_wconf 82' lang='grc' dir='ltr'>ὃν</span> <span class='ocrx_word' id='word_1_193' title='bbox 1128 1431 1349 1477; x_wconf 73' lang='grc' dir='ltr'>συνετάξατο</span> <span class='ocrx_word' id='word_1_194' title='bbox 1380 1434 1472 1482; x_wconf 71' lang='grc' dir='ltr'>μετά</span> <span class='ocrx_word' id='word_1_195' title='bbox 1508 1435 1588 1480; x_wconf 75' lang='grc' dir='ltr'>τὴν,</span> <span class='ocrx_word' id='word_1_196' title='bbox 1627 1438 1673 1480; x_wconf 79' lang='grc' dir='ltr'>ἣν</span> 
     </span>
     <span class='ocr_line' id='line_1_23' title="bbox 212 1492 1673 1545; baseline 0.001 -16"><span class='ocrx_word' id='word_1_197' title='bbox 212 1493 233 1529; x_wconf 81' lang='grc' dir='ltr'>ὁ</span> <span class='ocrx_word' id='word_1_198' title='bbox 255 1492 367 1543; x_wconf 64' lang='grc' dir='ltr'>δῆμος</span> <span class='ocrx_word' id='word_1_199' title='bbox 387 1495 496 1529; x_wconf 74' lang='grc' dir='ltr'>αὐτοῦ</span> <span class='ocrx_word' id='word_1_200' title='bbox 509 1494 831 1542; x_wconf 77' lang='grc' dir='ltr'>κατεχειροτόνησε</span> <span class='ocrx_word' id='word_1_201' title='bbox 851 1493 1026 1540; x_wconf 84' lang='lat' dir='ltr'>(restitue</span> <span class='ocrx_word' id='word_1_202' title='bbox 1043 1507 1089 1530; x_wconf 84' lang='lat' dir='ltr'>ex</span> <span class='ocrx_word' id='word_1_203' title='bbox 1118 1493 1229 1530; x_wconf 83' lang='lat' dir='ltr'><strong>MSS.</strong></span> <span class='ocrx_word' id='word_1_204' title='bbox 1249 1496 1346 1542; x_wconf 70' lang='grc' dir='ltr'>μετὰ</span> <span class='ocrx_word' id='word_1_205' title='bbox 1366 1496 1433 1538; x_wconf 75' lang='grc' dir='ltr'>τὴν</span> <span class='ocrx_word' id='word_1_206' title='bbox 1454 1509 1673 1545; x_wconf 73' lang='grc' dir='ltr'>καταχειρο-</span> 
     </span>
     <span class='ocr_line' id='line_1_24' title="bbox 211 1553 1674 1606; baseline 0.001 -14"><span class='ocrx_word' id='word_1_207' title='bbox 211 1556 354 1599; x_wconf 62' lang='lat' dir='ltr'>rovinus,</span> <span class='ocrx_word' id='word_1_208' title='bbox 375 1558 420 1599; x_wconf 82' lang='grc' dir='ltr'>ἢν</span> <span class='ocrx_word' id='word_1_209' title='bbox 436 1555 454 1590; x_wconf 83' lang='grc' dir='ltr'><strong>ὁ</strong></span> <span class='ocrx_word' id='word_1_210' title='bbox 477 1553 588 1604; x_wconf 66' lang='grc' dir='ltr'>δῆμος</span> <span class='ocrx_word' id='word_1_211' title='bbox 609 1557 720 1592; x_wconf 81' lang='grc' dir='ltr'>αὺτοῦ</span> <span class='ocrx_word' id='word_1_212' title='bbox 740 1556 1089 1606; x_wconf 75' lang='grc' dir='ltr'>κατεχειροτόνησε.)</span> <span class='ocrx_word' id='word_1_213' title='bbox 1145 1554 1310 1604; x_wconf 74' lang='lat' dir='ltr'>Dionys.</span> <span class='ocrx_word' id='word_1_214' title='bbox 1333 1555 1460 1592; x_wconf 77' lang='lat' dir='ltr'>Halic.</span> <span class='ocrx_word' id='word_1_215' title='bbox 1497 1558 1545 1592; x_wconf 78' lang='lat' dir='ltr'>ad</span> <span class='ocrx_word' id='word_1_216' title='bbox 1583 1559 1674 1593; x_wconf 83' lang='lat' dir='ltr'>Aul-</span> 
     </span>
     <span class='ocr_line' id='line_1_25' title="bbox 216 1614 1671 1666; baseline 0.001 -14"><span class='ocrx_word' id='word_1_217' title='bbox 216 1627 370 1653; x_wconf 79' lang='lat' dir='ltr'>maeuin.</span> <span class='ocrx_word' id='word_1_218' title='bbox 403 1615 634 1651; x_wconf 77' lang='lat' dir='ltr'>Plutarchus</span> <span class='ocrx_word' id='word_1_219' title='bbox 672 1614 818 1652; x_wconf 86' lang='lat' dir='ltr'>interea</span> <span class='ocrx_word' id='word_1_220' title='bbox 852 1615 890 1652; x_wconf 88' lang='lat' dir='ltr'>in</span> <span class='ocrx_word' id='word_1_221' title='bbox 921 1615 1008 1652; x_wconf 83' lang='lat' dir='ltr'>vitis</span> <span class='ocrx_word' id='word_1_222' title='bbox 1043 1616 1094 1654; x_wconf 87' lang='lat' dir='ltr'>X.</span> <span class='ocrx_word' id='word_1_223' title='bbox 1131 1616 1355 1662; x_wconf 61' lang='lat' dir='ltr'>Orator-um,</span> <span class='ocrx_word' id='word_1_224' title='bbox 1389 1629 1491 1652; x_wconf 84' lang='lat' dir='ltr'>anno</span> <span class='ocrx_word' id='word_1_225' title='bbox 1529 1624 1671 1666; x_wconf 85' lang='lat' dir='ltr'>quarto</span> 
     </span>
     <span class='ocr_line' id='line_1_26' title="bbox 214 1675 1671 1726; baseline 0.003 -14"><span class='ocrx_word' id='word_1_226' title='bbox 214 1675 373 1726; x_wconf 81' lang='lat' dir='ltr'>Olymp.</span> <span class='ocrx_word' id='word_1_227' title='bbox 407 1689 482 1712; x_wconf 89' lang='lat' dir='ltr'>non</span> <span class='ocrx_word' id='word_1_228' title='bbox 512 1676 658 1713; x_wconf 81' lang='lat' dir='ltr'>XCIX.</span> <span class='ocrx_word' id='word_1_229' title='bbox 694 1676 762 1713; x_wconf 91' lang='lat' dir='ltr'>sed</span> <span class='ocrx_word' id='word_1_230' title='bbox 801 1676 986 1714; x_wconf 80' lang='lat' dir='ltr'>XCVlll.</span> <span class='ocrx_word' id='word_1_231' title='bbox 1018 1683 1148 1714; x_wconf 84' lang='lat' dir='ltr'>natum</span> <span class='ocrx_word' id='word_1_232' title='bbox 1178 1690 1261 1713; x_wconf 88' lang='lat' dir='ltr'>esse</span> <span class='ocrx_word' id='word_1_233' title='bbox 1291 1677 1437 1714; x_wconf 76' lang='lat' dir='ltr'>mavult</span> <span class='ocrx_word' id='word_1_234' title='bbox 1469 1686 1671 1717; x_wconf 78' lang='lat' dir='ltr'>auctorem</span> 
     </span>
     <span class='ocr_line' id='line_1_27' title="bbox 215 1736 1670 1788; baseline 0.003 -15"><span class='ocrx_word' id='word_1_235' title='bbox 215 1743 405 1774; x_wconf 80' lang='lat' dir='ltr'>nostrum.</span> <span class='ocrx_word' id='word_1_236' title='bbox 443 1737 534 1779; x_wconf 77' lang='lat' dir='ltr'>Quo</span> <span class='ocrx_word' id='word_1_237' title='bbox 554 1736 666 1782; x_wconf 85' lang='lat' dir='ltr'>duce,</span> <span class='ocrx_word' id='word_1_238' title='bbox 687 1750 841 1774; x_wconf 79' lang='lat' dir='ltr'>causam</span> <span class='ocrx_word' id='word_1_239' title='bbox 865 1737 965 1774; x_wconf 82' lang='lat' dir='ltr'>hanc</span> <span class='ocrx_word' id='word_1_240' title='bbox 979 1737 1237 1775; x_wconf 81' lang='lat' dir='ltr'>meditabatur</span> <span class='ocrx_word' id='word_1_241' title='bbox 1256 1739 1393 1788; x_wconf 78' lang='lat' dir='ltr'>(egisse</span> <span class='ocrx_word' id='word_1_242' title='bbox 1406 1739 1506 1775; x_wconf 86' lang='lat' dir='ltr'>enim</span> <span class='ocrx_word' id='word_1_243' title='bbox 1527 1740 1670 1785; x_wconf 87' lang='lat' dir='ltr'>dicere,</span> 
     </span>
     <span class='ocr_line' id='line_1_28' title="bbox 215 1798 1670 1850; baseline 0.003 -16"><span class='ocrx_word' id='word_1_244' title='bbox 215 1810 352 1848; x_wconf 84' lang='lat' dir='ltr'>parum</span> <span class='ocrx_word' id='word_1_245' title='bbox 384 1804 506 1834; x_wconf 83' lang='lat' dir='ltr'>tutum</span> <span class='ocrx_word' id='word_1_246' title='bbox 537 1811 622 1834; x_wconf 87' lang='lat' dir='ltr'>esse</span> <span class='ocrx_word' id='word_1_247' title='bbox 652 1798 818 1845; x_wconf 75' lang='lat' dir='ltr'>videtur)</span> <span class='ocrx_word' id='word_1_248' title='bbox 846 1812 946 1835; x_wconf 75' lang='lat' dir='ltr'>atino</span> <span class='ocrx_word' id='word_1_249' title='bbox 967 1806 1136 1836; x_wconf 78' lang='lat' dir='ltr'>extremo</span> <span class='ocrx_word' id='word_1_250' title='bbox 1158 1800 1317 1850; x_wconf 85' lang='lat' dir='ltr'>Olymp.</span> <span class='ocrx_word' id='word_1_251' title='bbox 1346 1800 1448 1837; x_wconf 90' lang='lat' dir='ltr'>CVI.</span> <span class='ocrx_word' id='word_1_252' title='bbox 1477 1801 1670 1850; x_wconf 83' lang='lat' dir='ltr'>siquidem</span> 
     </span>
     <span class='ocr_line' id='line_1_29' title="bbox 217 1858 1673 1907; baseline 0.003 -12"><span class='ocrx_word' id='word_1_253' title='bbox 217 1859 395 1903; x_wconf 60' lang='lat' dir='ltr'>Muti-dm,</span> <span class='ocrx_word' id='word_1_254' title='bbox 418 1865 459 1895; x_wconf 83' lang='lat' dir='ltr'>ut</span> <span class='ocrx_word' id='word_1_255' title='bbox 477 1858 592 1894; x_wconf 84' lang='lat' dir='ltr'>modo</span> <span class='ocrx_word' id='word_1_256' title='bbox 609 1858 788 1906; x_wconf 74' lang='lat' dir='ltr'>vidimus,</span> <span class='ocrx_word' id='word_1_257' title='bbox 806 1859 843 1895; x_wconf 87' lang='lat' dir='ltr'>in</span> <span class='ocrx_word' id='word_1_258' title='bbox 859 1859 926 1907; x_wconf 81' lang='lat' dir='ltr'>jus</span> <span class='ocrx_word' id='word_1_259' title='bbox 942 1860 1094 1897; x_wconf 75' lang='lat' dir='ltr'>vocavit</span> <span class='ocrx_word' id='word_1_260' title='bbox 1115 1874 1236 1898; x_wconf 86' lang='lat' dir='ltr'>annos</span> <span class='ocrx_word' id='word_1_261' title='bbox 1257 1868 1368 1897; x_wconf 81' lang='lat' dir='ltr'>uatus</span> <span class='ocrx_word' id='word_1_262' title='bbox 1388 1861 1562 1898; x_wconf 69' lang='lat' dir='ltr'>xxxii.</span> <span class='ocrx_word' id='word_1_263' title='bbox 1619 1867 1673 1900; x_wconf 82' lang='lat' dir='ltr'>At</span> 
     </span>
     <span class='ocr_line' id='line_1_30' title="bbox 214 1919 1670 1973; baseline 0.004 -18"><span class='ocrx_word' id='word_1_264' title='bbox 214 1919 394 1969; x_wconf 83' lang='lat' dir='ltr'>profecto</span> <span class='ocrx_word' id='word_1_265' title='bbox 414 1932 459 1956; x_wconf 82' lang='lat' dir='ltr'>ea</span> <span class='ocrx_word' id='word_1_266' title='bbox 481 1926 712 1969; x_wconf 71' lang='lat' dir='ltr'>tempestate</span> <span class='ocrx_word' id='word_1_267' title='bbox 730 1920 905 1969; x_wconf 62' lang='lat' dir='ltr'>plurimae</span> <span class='ocrx_word' id='word_1_268' title='bbox 933 1934 979 1957; x_wconf 79' lang='lat' dir='ltr'>ex</span> <span class='ocrx_word' id='word_1_269' title='bbox 1008 1922 1052 1958; x_wconf 91' lang='lat' dir='ltr'>iis</span> <span class='ocrx_word' id='word_1_270' title='bbox 1070 1922 1184 1958; x_wconf 89' lang='lat' dir='ltr'>rebus</span> <span class='ocrx_word' id='word_1_271' title='bbox 1203 1929 1323 1972; x_wconf 76' lang='lat' dir='ltr'>gestae</span> <span class='ocrx_word' id='word_1_272' title='bbox 1353 1935 1427 1959; x_wconf 89' lang='lat' dir='ltr'>non</span> <span class='ocrx_word' id='word_1_273' title='bbox 1450 1930 1552 1970; x_wconf 78' lang='lat' dir='ltr'>sunt,</span> <span class='ocrx_word' id='word_1_274' title='bbox 1572 1937 1670 1973; x_wconf 87' lang='lat' dir='ltr'>quas</span> 
     </span>
     <span class='ocr_line' id='line_1_31' title="bbox 215 1980 1671 2029; baseline 0.003 -12"><span class='ocrx_word' id='word_1_275' title='bbox 215 1980 279 2017; x_wconf 80' lang='lat' dir='ltr'>hic</span> <span class='ocrx_word' id='word_1_276' title='bbox 298 1987 337 2017; x_wconf 92' lang='lat' dir='ltr'>ut</span> <span class='ocrx_word' id='word_1_277' title='bbox 356 1986 484 2029; x_wconf 75' lang='lat' dir='ltr'>gestas</span> <span class='ocrx_word' id='word_1_278' title='bbox 501 1982 648 2017; x_wconf 76' lang='lat' dir='ltr'>Orator</span> <span class='ocrx_word' id='word_1_279' title='bbox 666 1988 955 2018; x_wconf 75' lang='lat' dir='ltr'>commemorat.</span> <span class='ocrx_word' id='word_1_280' title='bbox 989 1983 1050 2018; x_wconf 85' lang='lat' dir='ltr'>Tu</span> <span class='ocrx_word' id='word_1_281' title='bbox 1075 1984 1218 2020; x_wconf 86' lang='lat' dir='ltr'>interea</span> <span class='ocrx_word' id='word_1_282' title='bbox 1239 1996 1331 2020; x_wconf 78' lang='lat' dir='ltr'>cave</span> <span class='ocrx_word' id='word_1_283' title='bbox 1355 1984 1503 2027; x_wconf 76' lang='lat' dir='ltr'>credas,</span> <span class='ocrx_word' id='word_1_284' title='bbox 1524 1986 1671 2022; x_wconf 81' lang='lat' dir='ltr'>Plutar-</span> 
     </span>
     <span class='ocr_line' id='line_1_32' title="bbox 214 2041 1673 2095; baseline 0.003 -16"><span class='ocrx_word' id='word_1_285' title='bbox 214 2041 333 2079; x_wconf 78' lang='lat' dir='ltr'>chum</span> <span class='ocrx_word' id='word_1_286' title='bbox 355 2042 565 2079; x_wconf 64' lang='lat' dir='ltr'>Plutarcho</span> <span class='ocrx_word' id='word_1_287' title='bbox 587 2042 792 2086; x_wconf 68' lang='lat' dir='ltr'>adversari,</span> <span class='ocrx_word' id='word_1_288' title='bbox 813 2046 955 2092; x_wconf 84' lang='lat' dir='ltr'>(neque</span> <span class='ocrx_word' id='word_1_289' title='bbox 972 2044 1072 2080; x_wconf 84' lang='lat' dir='ltr'>enirn</span> <span class='ocrx_word' id='word_1_290' title='bbox 1092 2045 1341 2081; x_wconf 83' lang='lat' dir='ltr'>Tractatulus</span> <span class='ocrx_word' id='word_1_291' title='bbox 1360 2045 1442 2089; x_wconf 87' lang='lat' dir='ltr'>iste,</span> <span class='ocrx_word' id='word_1_292' title='bbox 1469 2059 1584 2095; x_wconf 88' lang='lat' dir='ltr'>quem</span> <span class='ocrx_word' id='word_1_293' title='bbox 1608 2048 1673 2085; x_wconf 89' lang='lat' dir='ltr'>ha-</span> 
     </span>
     <span class='ocr_line' id='line_1_33' title="bbox 217 2102 1671 2155; baseline 0.006 -16"><span class='ocrx_word' id='word_1_294' title='bbox 217 2102 351 2140; x_wconf 84' lang='lat' dir='ltr'>bemus</span> <span class='ocrx_word' id='word_1_295' title='bbox 366 2103 414 2140; x_wconf 91' lang='lat' dir='ltr'>de</span> <span class='ocrx_word' id='word_1_296' title='bbox 432 2103 516 2140; x_wconf 74' lang='lat' dir='ltr'>vitis</span> <span class='ocrx_word' id='word_1_297' title='bbox 533 2103 581 2140; x_wconf 80' lang='lat' dir='ltr'>X.</span> <span class='ocrx_word' id='word_1_298' title='bbox 603 2104 827 2150; x_wconf 71' lang='lat' dir='ltr'>oratorum,</span> <span class='ocrx_word' id='word_1_299' title='bbox 847 2104 1041 2142; x_wconf 83' lang='lat' dir='ltr'>Piutarchi</span> <span class='ocrx_word' id='word_1_300' title='bbox 1060 2119 1142 2143; x_wconf 86' lang='lat' dir='ltr'>esse</span> <span class='ocrx_word' id='word_1_301' title='bbox 1163 2110 1307 2155; x_wconf 85' lang='lat' dir='ltr'>potest)</span> <span class='ocrx_word' id='word_1_302' title='bbox 1328 2121 1456 2144; x_wconf 84' lang='lat' dir='ltr'>verum</span> <span class='ocrx_word' id='word_1_303' title='bbox 1474 2117 1671 2147; x_wconf 79' lang='lat' dir='ltr'>recentem</span> 
     </span>
     <span class='ocr_line' id='line_1_34' title="bbox 215 2164 1670 2222; baseline 0.005 -22"><span class='ocrx_word' id='word_1_304' title='bbox 215 2164 383 2214; x_wconf 78' lang='lat' dir='ltr'>aliquem</span> <span class='ocrx_word' id='word_1_305' title='bbox 398 2166 645 2214; x_wconf 83' lang='lat' dir='ltr'>Scriptorem,</span> <span class='ocrx_word' id='word_1_306' title='bbox 665 2165 860 2202; x_wconf 78' lang='lat' dir='ltr'>Plutarchi</span> <span class='ocrx_word' id='word_1_307' title='bbox 879 2168 1032 2203; x_wconf 84' lang='lat' dir='ltr'>nomine</span> <span class='ocrx_word' id='word_1_308' title='bbox 1048 2168 1247 2212; x_wconf 86' lang='lat' dir='ltr'>ementito,</span> <span class='ocrx_word' id='word_1_309' title='bbox 1267 2169 1405 2214; x_wconf 72' lang='lat' dir='ltr'>Phuni,</span> <span class='ocrx_word' id='word_1_310' title='bbox 1423 2170 1553 2222; x_wconf 86' lang='lat' dir='ltr'>quide</span> <span class='ocrx_word' id='word_1_311' title='bbox 1574 2171 1670 2208; x_wconf 84' lang='lat' dir='ltr'>Vitis</span> 
     </span>
     <span class='ocr_line' id='line_1_35' title="bbox 216 2225 1671 2280; baseline 0.005 -17"><span class='ocrx_word' id='word_1_312' title='bbox 216 2225 425 2263; x_wconf 66' lang='lat' dir='ltr'>Orator-um</span> <span class='ocrx_word' id='word_1_313' title='bbox 443 2232 728 2263; x_wconf 79' lang='lat' dir='ltr'>commentatus</span> <span class='ocrx_word' id='word_1_314' title='bbox 749 2233 820 2270; x_wconf 89' lang='lat' dir='ltr'>est,</span> <span class='ocrx_word' id='word_1_315' title='bbox 846 2227 1127 2278; x_wconf 80' lang='lat' dir='ltr'>indiligentiam</span> <span class='ocrx_word' id='word_1_316' title='bbox 1151 2235 1188 2266; x_wconf 89' lang='lat' dir='ltr'>et</span> <span class='ocrx_word' id='word_1_317' title='bbox 1210 2231 1479 2280; x_wconf 77' lang='grc' dir='ltr'>ἁνιστορησίαν</span> <span class='ocrx_word' id='word_1_318' title='bbox 1498 2232 1671 2271; x_wconf 83' lang='lat' dir='ltr'>studiose</span> 
     </span>
     <span class='ocr_line' id='line_1_36' title="bbox 215 2286 1673 2343; baseline 0.005 -19"><span class='ocrx_word' id='word_1_319' title='bbox 215 2292 258 2324; x_wconf 84' lang='lat' dir='ltr'>et</span> <span class='ocrx_word' id='word_1_320' title='bbox 276 2286 410 2324; x_wconf 82' lang='lat' dir='ltr'>dedita</span> <span class='ocrx_word' id='word_1_321' title='bbox 438 2300 559 2336; x_wconf 78' lang='lat' dir='ltr'>opera</span> <span class='ocrx_word' id='word_1_322' title='bbox 591 2288 858 2338; x_wconf 85' lang='lat' dir='ltr'>descripsisse,</span> <span class='ocrx_word' id='word_1_323' title='bbox 880 2289 1092 2338; x_wconf 84' lang='lat' dir='ltr'>aliquando</span> <span class='ocrx_word' id='word_1_324' title='bbox 1118 2290 1234 2327; x_wconf 86' lang='lat' dir='ltr'>etiam</span> <span class='ocrx_word' id='word_1_325' title='bbox 1268 2293 1488 2329; x_wconf 83' lang='lat' dir='ltr'>nonnullam</span> <span class='ocrx_word' id='word_1_326' title='bbox 1517 2307 1562 2330; x_wconf 81' lang='lat' dir='ltr'>ex</span> <span class='ocrx_word' id='word_1_327' title='bbox 1584 2307 1673 2343; x_wconf 83' lang='lat' dir='ltr'>pro-</span> 
     </span>
     <span class='ocr_line' id='line_1_37' title="bbox 213 2348 1669 2401; baseline 0.005 -16"><span class='ocrx_word' id='word_1_328' title='bbox 213 2348 299 2399; x_wconf 84' lang='lat' dir='ltr'>prio</span> <span class='ocrx_word' id='word_1_329' title='bbox 329 2361 431 2398; x_wconf 88' lang='lat' dir='ltr'>penu</span> <span class='ocrx_word' id='word_1_330' title='bbox 467 2348 679 2387; x_wconf 85' lang='lat' dir='ltr'>addidisse.</span> <span class='ocrx_word' id='word_1_331' title='bbox 757 2351 816 2386; x_wconf 94' lang='lat' dir='ltr'>De</span> <span class='ocrx_word' id='word_1_332' title='bbox 847 2351 1023 2387; x_wconf 82' lang='lat' dir='ltr'>Samuele</span> <span class='ocrx_word' id='word_1_333' title='bbox 1050 2352 1192 2396; x_wconf 79' lang='lat' dir='ltr'>Petito,</span> <span class='ocrx_word' id='word_1_334' title='bbox 1227 2355 1293 2401; x_wconf 87' lang='lat' dir='ltr'>qui</span> <span class='ocrx_word' id='word_1_335' title='bbox 1325 2353 1361 2389; x_wconf 90' lang='lat' dir='ltr'>in</span> <span class='ocrx_word' id='word_1_336' title='bbox 1393 2355 1669 2393; x_wconf 80' lang='lat' dir='ltr'>Demosthenis</span> 
     </span>
     <span class='ocr_line' id='line_1_38' title="bbox 217 2408 1671 2465; baseline 0.006 -19"><span class='ocrx_word' id='word_1_337' title='bbox 217 2409 423 2447; x_wconf 86' lang='lat' dir='ltr'>Natalibus</span> <span class='ocrx_word' id='word_1_338' title='bbox 441 2408 558 2446; x_wconf 81' lang='lat' dir='ltr'>fidem</span> <span class='ocrx_word' id='word_1_339' title='bbox 580 2410 953 2448; x_wconf 83' lang='lat' dir='ltr'>Pseudo-Plutarchi</span> <span class='ocrx_word' id='word_1_340' title='bbox 975 2418 1161 2461; x_wconf 86' lang='lat' dir='ltr'>computo</span> <span class='ocrx_word' id='word_1_341' title='bbox 1177 2413 1376 2451; x_wconf 82' lang='lat' dir='ltr'>adstruere</span> <span class='ocrx_word' id='word_1_342' title='bbox 1399 2415 1503 2460; x_wconf 89' lang='lat' dir='ltr'>velit,</span> <span class='ocrx_word' id='word_1_343' title='bbox 1532 2418 1671 2465; x_wconf 76' lang='lat' dir='ltr'>(Attio.</span> 
     </span>
     <span class='ocr_line' id='line_1_39' title="bbox 215 2470 1544 2521; baseline 0.005 -13"><span class='ocrx_word' id='word_1_344' title='bbox 215 2470 333 2521; x_wconf 83' lang='lat' dir='ltr'>Legg.</span> <span class='ocrx_word' id='word_1_345' title='bbox 351 2471 455 2508; x_wconf 85' lang='lat' dir='ltr'>Edit.</span> <span class='ocrx_word' id='word_1_346' title='bbox 477 2471 579 2508; x_wconf 91' lang='lat' dir='ltr'>Nov.</span> <span class='ocrx_word' id='word_1_347' title='bbox 600 2484 639 2521; x_wconf 90' lang='lat' dir='ltr'>p.</span> <span class='ocrx_word' id='word_1_348' title='bbox 661 2476 752 2510; x_wconf 73' lang='lat'><strong>266.</strong></span> <span class='ocrx_word' id='word_1_349' title='bbox 775 2475 874 2521; x_wconf 85' lang='lat' dir='ltr'>seq.)</span> <span class='ocrx_word' id='word_1_350' title='bbox 894 2474 1137 2511; x_wconf 83' lang='lat' dir='ltr'>commodior</span> <span class='ocrx_word' id='word_1_351' title='bbox 1150 2475 1221 2512; x_wconf 88' lang='lat' dir='ltr'>erit</span> <span class='ocrx_word' id='word_1_352' title='bbox 1241 2475 1398 2513; x_wconf 86' lang='lat' dir='ltr'>dicendi</span> <span class='ocrx_word' id='word_1_353' title='bbox 1421 2477 1544 2516; x_wconf 87' lang='lat' dir='ltr'>locus.</span> 
     </span>
    </p>

    <p class='ocr_par' dir='ltr' id='par_1_4' title="bbox 212 2533 1672 2896">
     <span class='ocr_line' id='line_1_40' title="bbox 268 2533 1672 2587; baseline 0.006 -18"><span class='ocrx_word' id='word_1_354' title='bbox 268 2533 368 2570; x_wconf 78' lang='lat' dir='ltr'>Haec</span> <span class='ocrx_word' id='word_1_355' title='bbox 391 2533 505 2570; x_wconf 80' lang='lat' dir='ltr'>Actio</span> <span class='ocrx_word' id='word_1_356' title='bbox 521 2533 707 2583; x_wconf 84' lang='lat' dir='ltr'>peculiari</span> <span class='ocrx_word' id='word_1_357' title='bbox 727 2534 879 2570; x_wconf 83' lang='lat' dir='ltr'>nomine</span> <span class='ocrx_word' id='word_1_358' title='bbox 895 2541 1057 2572; x_wconf 86' lang='lat' dir='ltr'>vocatur</span> <span class='ocrx_word' id='word_1_359' title='bbox 1077 2535 1272 2586; x_wconf 76' lang='grc' dir='ltr'>Προβολὴ.</span> <span class='ocrx_word' id='word_1_360' title='bbox 1329 2539 1389 2575; x_wconf 91' lang='lat' dir='ltr'>De</span> <span class='ocrx_word' id='word_1_361' title='bbox 1411 2552 1488 2587; x_wconf 87' lang='lat' dir='ltr'>qua</span> <span class='ocrx_word' id='word_1_362' title='bbox 1509 2539 1672 2587; x_wconf 74' lang='lat' dir='ltr'>diligen-</span> 
     </span>
     <span class='ocr_line' id='line_1_41' title="bbox 212 2594 1669 2648; baseline 0.004 -17"><span class='ocrx_word' id='word_1_363' title='bbox 212 2597 273 2631; x_wconf 74' lang='lat' dir='ltr'>ter</span> <span class='ocrx_word' id='word_1_364' title='bbox 302 2594 441 2641; x_wconf 84' lang='lat' dir='ltr'>minus,</span> <span class='ocrx_word' id='word_1_365' title='bbox 468 2600 506 2632; x_wconf 87' lang='lat' dir='ltr'>et</span> <span class='ocrx_word' id='word_1_366' title='bbox 534 2594 797 2644; x_wconf 79' lang='lat' dir='ltr'>perfunctorie</span> <span class='ocrx_word' id='word_1_367' title='bbox 826 2600 988 2643; x_wconf 84' lang='lat' dir='ltr'>tantum,</span> <span class='ocrx_word' id='word_1_368' title='bbox 1013 2598 1080 2646; x_wconf 87' lang='lat' dir='ltr'>qui</span> <span class='ocrx_word' id='word_1_369' title='bbox 1109 2598 1463 2648; x_wconf 76' lang='lat' dir='ltr'>Jurisp1·udentia1n</span> <span class='ocrx_word' id='word_1_370' title='bbox 1498 2601 1669 2637; x_wconf 77' lang='lat' dir='ltr'>Atticam</span> 
     </span>
     <span class='ocr_line' id='line_1_42' title="bbox 212 2654 1672 2710; baseline 0.005 -18"><span class='ocrx_word' id='word_1_371' title='bbox 212 2654 461 2705; x_wconf 84' lang='lat' dir='ltr'>profitentur.</span> <span class='ocrx_word' id='word_1_372' title='bbox 517 2656 700 2707; x_wconf 78' lang='grc' dir='ltr'>Προβολὴ</span> <span class='ocrx_word' id='word_1_373' title='bbox 728 2662 809 2694; x_wconf 81' lang='lat' dir='ltr'>erat</span> <span class='ocrx_word' id='word_1_374' title='bbox 833 2671 878 2694; x_wconf 86' lang='lat' dir='ltr'>ex</span> <span class='ocrx_word' id='word_1_375' title='bbox 907 2658 951 2695; x_wconf 89' lang='lat' dir='ltr'>iis</span> <span class='ocrx_word' id='word_1_376' title='bbox 979 2659 1228 2704; x_wconf 86' lang='lat' dir='ltr'>Actionihus,</span> <span class='ocrx_word' id='word_1_377' title='bbox 1262 2673 1350 2710; x_wconf 85' lang='lat' dir='ltr'>quae</span> <span class='ocrx_word' id='word_1_378' title='bbox 1373 2662 1544 2710; x_wconf 79' lang='lat' dir='ltr'>pzcblicoe</span> <span class='ocrx_word' id='word_1_379' title='bbox 1569 2662 1672 2700; x_wconf 89' lang='lat' dir='ltr'>dice-</span> 
     </span>
     <span class='ocr_line' id='line_1_43' title="bbox 212 2715 1669 2772; baseline 0.005 -19"><span class='ocrx_word' id='word_1_380' title='bbox 212 2715 368 2762; x_wconf 86' lang='lat' dir='ltr'>bantur,</span> <span class='ocrx_word' id='word_1_381' title='bbox 389 2717 446 2755; x_wconf 88' lang='lat' dir='ltr'>uti</span> <span class='ocrx_word' id='word_1_382' title='bbox 467 2731 514 2754; x_wconf 81' lang='lat' dir='ltr'>ex</span> <span class='ocrx_word' id='word_1_383' title='bbox 533 2718 605 2755; x_wconf 87' lang='lat' dir='ltr'>hac</span> <span class='ocrx_word' id='word_1_384' title='bbox 626 2718 800 2756; x_wconf 86' lang='lat' dir='ltr'>oratione</span> <span class='ocrx_word' id='word_1_385' title='bbox 822 2718 957 2768; x_wconf 86' lang='lat' dir='ltr'>liquet,</span> <span class='ocrx_word' id='word_1_386' title='bbox 978 2721 1009 2765; x_wconf 59' lang='grc' dir='ltr'>ξ.</span> <span class='ocrx_word' id='word_1_387' title='bbox 1030 2720 1072 2758; x_wconf 84' lang='grc' dir='ltr'>θ’.</span> <span class='ocrx_word' id='word_1_388' title='bbox 1111 2721 1221 2758; x_wconf 77' lang='grc' dir='ltr'>’Ἐστι</span> <span class='ocrx_word' id='word_1_389' title='bbox 1249 2722 1284 2759; x_wconf 75' lang='grc' dir='ltr'>δὲ</span> <span class='ocrx_word' id='word_1_390' title='bbox 1306 2729 1448 2772; x_wconf 82' lang='grc' dir='ltr'>πρῶτον</span> <span class='ocrx_word' id='word_1_391' title='bbox 1468 2722 1537 2772; x_wconf 79' lang='grc' dir='ltr'>μὲν</span> <span class='ocrx_word' id='word_1_392' title='bbox 1556 2723 1669 2761; x_wconf 76' lang='grc' dir='ltr'>ἐκεῖνο</span> 
     </span>
     <span class='ocr_line' id='line_1_44' title="bbox 212 2777 1670 2834; baseline 0.005 -20"><span class='ocrx_word' id='word_1_393' title='bbox 212 2779 279 2813; x_wconf 80' lang='grc' dir='ltr'>οὒκ</span> <span class='ocrx_word' id='word_1_394' title='bbox 297 2777 434 2824; x_wconf 73' lang='grc' dir='ltr'>ἄδηλος</span> <span class='ocrx_word' id='word_1_395' title='bbox 454 2779 558 2829; x_wconf 80' lang='grc' dir='ltr'>ἐρῶν,</span> <span class='ocrx_word' id='word_1_396' title='bbox 573 2782 686 2822; x_wconf 83' lang='grc' dir='ltr'>-ὡς</span> <span class='ocrx_word' id='word_1_397' title='bbox 700 2802 752 2807; x_wconf 91' lang='lat'>—</span> <span class='ocrx_word' id='word_1_398' title='bbox 769 2779 867 2816; x_wconf 74' lang='grc' dir='ltr'><em>δίκα</em></span> <span class='ocrx_word' id='word_1_399' title='bbox 881 2798 898 2822; x_wconf 85' lang='grc' dir='ltr'>ς</span> <span class='ocrx_word' id='word_1_400' title='bbox 927 2780 1052 2823; x_wconf 79' lang='grc' dir='ltr'>ἷὸιάς</span> <span class='ocrx_word' id='word_1_401' title='bbox 1070 2792 1132 2832; x_wconf 75' lang='grc' dir='ltr'>μοι</span> <span class='ocrx_word' id='word_1_402' title='bbox 1152 2791 1331 2833; x_wconf 77' lang='grc' dir='ltr'>προσῆκεν</span> <span class='ocrx_word' id='word_1_403' title='bbox 1352 2786 1449 2833; x_wconf 76' lang='grc' dir='ltr'>αὐτῷ</span> <span class='ocrx_word' id='word_1_404' title='bbox 1467 2786 1602 2834; x_wconf 82' lang='grc' dir='ltr'>λαχεῖν</span> <span class='ocrx_word' id='word_1_405' title='bbox 1618 2807 1670 2813; x_wconf 93' lang='grc'>--</span> 
     </span>
     <span class='ocr_line' id='line_1_45' title="bbox 213 2837 1671 2896; baseline 0.005 -20"><span class='ocrx_word' id='word_1_406' title='bbox 213 2837 299 2888; x_wconf 61' lang='grc' dir='ltr'>οὐχὶ</span> <span class='ocrx_word' id='word_1_407' title='bbox 319 2838 513 2891; x_wconf 71' lang='grc' dir='ltr'>δημοσίᾳ</span> <span class='ocrx_word' id='word_1_408' title='bbox 532 2840 668 2892; x_wconf 77' lang='grc' dir='ltr'>κρίνειν</span> <span class='ocrx_word' id='word_1_409' title='bbox 689 2842 816 2879; x_wconf 78' lang='grc' dir='ltr'>αὑτόν.</span> <span class='ocrx_word' id='word_1_410' title='bbox 838 2847 878 2880; x_wconf 84' lang='lat' dir='ltr'>et</span> <span class='ocrx_word' id='word_1_411' title='bbox 896 2841 1051 2890; x_wconf 81' lang='lat' dir='ltr'>deinde,</span> <span class='ocrx_word' id='word_1_412' title='bbox 1072 2844 1100 2881; x_wconf 85' lang='grc' dir='ltr'>εἰ</span> <span class='ocrx_word' id='word_1_413' title='bbox 1125 2846 1178 2894; x_wconf 83' lang='grc' dir='ltr'>μὴ</span> <span class='ocrx_word' id='word_1_414' title='bbox 1208 2843 1578 2896; x_wconf 73' lang='grc' dir='ltr'>προὺβιιλλόμην</span> <span class='ocrx_word' id='word_1_415' title='bbox 1605 2849 1671 2883; x_wconf 78' lang='grc' dir='ltr'>αὑ-</span> 
     </span>
    </p>
   </div>
  </div>
 </body>
</html>
