1912 3187
245 150 269 197 1
280 147 353 197 80
640 145 674 188 I.
708 146 972 190 TAYLORI
1005 144 1324 189 PRAEFATIO

229 254 350 297 ζῶντα
369 253 629 304 λυμαίνεσθαι,
649 259 795 301 κακοῦν,
814 254 952 306 ἔχοντα
972 256 1087 293 αὑτὸν
1106 256 1384 295 ἀποκτιννύναι.
1406 255 1438 301 ξ.
1454 253 1496 299 ζ’.
1517 258 1607 292 ante
1626 251 1696 291 fin.

233 314 335 351 Haec
356 326 474 363 quam
493 316 620 354 aliena
641 316 729 361 sint,
748 315 869 354 vides.
925 316 1054 361 Quam
1074 317 1262 355 absonum
1284 317 1372 363 hoc,
1394 323 1437 354 ut
1455 316 1560 354 aliud
1582 328 1636 354 sc.
1657 315 1697 353 in

233 375 413 413 suasione
436 376 706 416 Aristocratea
734 377 965 428 exprimeret
990 392 1065 417 vox
1094 379 1270 427 ἀπάγειν,
1299 377 1403 415 aliud
1435 377 1472 414 in
1502 376 1698 414 communi

233 436 342 475 istius
365 437 462 488 Pop.
484 439 715 490 νομοὲεσίᾳῖ
745 440 1066 478 Comminiscitur
1085 454 1178 492 ergo
1199 441 1404 479 Salmasius
1421 445 1700 485 commentum,

232 499 272 537 in
300 513 378 549 quo
408 500 481 537 sibi
509 501 672 539 maxime
702 501 857 551 placere
878 501 1099 548 videbatur,
1130 502 1286 540 differre
1315 502 1494 540 nimirum
1523 503 1632 550 ἄγειν
1657 506 1699 538 et

231 562 430 612 ἀγώγιμον
448 561 498 598 ab
519 575 578 609 eo,
600 563 707 613 quod
733 563 879 600 dicitur
898 563 1061 612 ἀπάγειν
1081 569 1121 601 et
1136 565 1412 615 ἀπαγώγιμονε
1443 563 1535 601 illud
1556 576 1639 601 esse
1660 562 1700 600 vi

230 621 382 660 domum
401 624 669 671 cruciandum,
688 624 735 674 (si
755 624 809 662 ita
829 624 1041 673 videretur)
1060 624 1135 663 hoc
1143 627 1242 675 jure
1261 624 1314 663 ad
1330 626 1610 675 magistratum
1623 635 1699 674 pu-

232 683 417 722 niendum
438 683 583 723 ducere
601 698 611 729 ;
637 692 676 724 et
695 686 828 724 tulisse
848 699 968 737 porro
989 686 1271 724 Aristocratem
1289 692 1461 723 extrema
1481 686 1546 723 illa
1566 691 1606 723 et
1625 685 1699 723 du-

231 744 395 788 rissima.
454 746 502 786 Id
535 753 665 785 tamen
695 749 852 785 omnino
881 747 1019 785 falsum
1050 754 1121 787 est.
1179 747 1316 785 Graeci
1341 748 1450 795 ἄγειν
1470 753 1510 785 et
1534 748 1698 796 ἀπάγειν

229 809 453 856 promiscue
475 815 514 848 et
533 808 812 856 indifferenter,
834 808 934 847 sicut
956 809 1082 847 Latini
1102 809 1239 848 ducere
1259 814 1298 847 et
1322 807 1524 860 abducere,
1544 808 1696 854 dicunt,

230 873 274 905 ut
293 870 470 920 pluribus
497 871 669 909 ostendit
698 871 907 910 Heraldus.
964 872 1107 923 Neque
1127 884 1244 921 porro
1265 871 1525 909 Aristocrates
1547 876 1697 909 tantum

231 931 376 981 cuique
397 934 515 972 licere
537 946 606 971 sua
625 933 827 984 rogatione
848 933 982 971 voluit.
1022 934 1113 971 Non
1135 946 1181 970 ea
1199 937 1283 971 erat
1304 932 1416 971 istius
1435 932 1698 979 inclementia,

232 1005 351 1042 quam
372 994 410 1033 in
430 995 504 1034 hac
524 994 714 1033 Oratione
731 995 946 1033 insectatur
966 995 1263 1042 Demosthenes,
1284 1007 1414 1032 verum
1436 994 1508 1032 alia
1524 994 1698 1033 omnino.

230 1054 533 1095 lnsimulabatur
554 1057 653 1094 enim
677 1057 934 1107 potissimum,
957 1058 1147 1106 primum,
1180 1055 1300 1106 quod,
1332 1068 1422 1093 cum
1452 1056 1573 1106 Leges
1603 1056 1699 1094 nihil

230 1117 476 1166 permittant,
497 1117 571 1155 nisi
590 1117 628 1155 in
649 1131 749 1162 eum,
772 1118 840 1167 qui
862 1117 898 1155 in
924 1117 1017 1166 jure
1037 1117 1207 1167 legitime
1228 1117 1429 1154 convictus
1456 1116 1588 1163 fuerit,
1608 1117 1698 1155 Ari-

232 1183 422 1217 stocrates
443 1179 594 1231 scripsit
613 1178 730 1217 licere
750 1179 866 1216 etiam
887 1178 925 1216 in
945 1178 1238 1218 indemnatum:
1266 1177 1445 1224 secundo,
1474 1191 1564 1215 cum
1591 1178 1699 1217 istud

232 1240 398 1289 ἀπάγειν
427 1255 555 1292 neque
575 1241 614 1278 in
641 1241 867 1279 damnatum
895 1240 1160 1291 competebat,
1190 1239 1307 1278 modo
1327 1240 1376 1278 ab
1397 1239 1699 1278 Atheniensium

231 1300 381 1340 ditione
401 1302 626 1347 abstineret,
649 1302 689 1340 id
710 1303 969 1341 Aristocratcs
990 1302 1115 1340 voluit
1141 1301 1226 1340 fieri
1248 1307 1358 1340 extra
1384 1301 1560 1340 Atticum
1588 1302 1699 1340 terri-

231 1362 373 1400 torium
400 1365 515 1402 etiam
545 1365 583 1403 in
616 1364 856 1402 indemnato.
915 1363 1032 1407 Quod
1053 1369 1182 1401 autem
1202 1363 1356 1401 addidit
1376 1364 1425 1401 de
1455 1364 1700 1402 contumeliis

232 1423 279 1461 iis
300 1430 339 1462 et
358 1425 546 1476 injuriosa
565 1439 688 1476 usque
705 1425 753 1463 ad
775 1438 908 1464 necem
930 1425 1178 1475 tractatione,
1202 1424 1241 1462 id
1264 1438 1334 1462 suo
1355 1438 1456 1462 more
1477 1431 1698 1476 exaggerat,

232 1488 400 1525 oratorie
420 1487 569 1538 potius,
591 1500 708 1538 quam
722 1486 905 1536 juridice,
925 1488 1137 1537 ῥητορικῶς,
1158 1500 1235 1524 non
1256 1489 1465 1532 πολιτικῶς,
1487 1493 1527 1524 et
1552 1493 1613 1525 est
1641 1488 1700 1525 lu-

231 1547 542 1587 culentissimum
563 1556 834 1599 argumentum
853 1547 964 1586 istius
985 1548 1195 1594 violentiae,
1211 1549 1249 1586 in
1271 1561 1349 1598 qua
1366 1553 1514 1586 tantum
1530 1548 1702 1588 domina-

232 1615 296 1647 tur
318 1609 613 1649 Demosthenes.
674 1611 725 1650 Et
745 1610 784 1649 in
804 1623 848 1649 ea
870 1610 1062 1649 sententia
1082 1610 1196 1648 video
1221 1624 1305 1648 esse
1329 1610 1538 1660 Ulpianum
1569 1611 1607 1648 in
1638 1629 1700 1663 σχ.

232 1672 281 1709 ad
308 1671 406 1711 hanc
425 1673 669 1710 Orationem.
715 1671 957 1723 Ἀγώγιμον]
980 1672 1014 1709 οἱ
1035 1673 1105 1723 μὲν
1124 1674 1313 1722 εἰρήκασιν
1329 1673 1391 1710 ἐπὶ
1410 1672 1534 1723 κρίσει·
1551 1674 1570 1711 ὃ
1590 1673 1703 1725 &⁸513-

233 1750 304 1784 τωρ
328 1735 366 1772 ἐκ
384 1744 450 1780 τῆς
469 1736 655 1786 ἀσαφείας
680 1735 746 1777 εἰς
771 1734 790 1771 ὃ
816 1732 1042 1781 ἐβούλετο
1060 1736 1295 1783 μετήγαγεν,
1310 1734 1369 1771 ἐπὶ
1383 1732 1550 1772 θανάτου
1563 1738 1704 1785 λέγων.

233 1796 366 1836 Alibi:
395 1796 436 1834 ἕν
461 1812 505 1845 γε
533 1801 580 1849 τῷ
600 1802 718 1834 ποιεῖν
747 1798 963 1850 α’γώγιμον]
992 1799 1040 1848 τῷ
1067 1798 1250 1848 (ἰγωγίμιρ
1277 1804 1474 1848 πανταχοῦ
1505 1800 1704 1849 σοφίζεται.

234 1858 410 1900 Rursus:
442 1859 553 1902 αὐτὸς
580 1857 904 1912 [Demosthenes]
933 1862 982 1902 ὡς
1011 1858 1068 1910 ἐφ’
1094 1860 1409 1910 ὁμολογουμένοις
1429 1858 1571 1906 ἔλαβεν
1589 1861 1705 1898 αὐτὸν

235 1921 435 1971 ἀγώγιμον
455 1921 514 1960 ἐπὶ
529 1921 704 1959 θάνατον.
720 1922 739 1958 ὁ
758 1920 794 1958 Ee*
811 1919 1102 1972 Ἀριστοκράτης
1123 1919 1297 1971 ἔφασκεν,
1314 1922 1400 1957 ἀλλ’
1419 1920 1477 1957 ἐπὶ
1493 1925 1620 1969 κρίσει.
1651 1921 1706 1959 Si-

235 1982 381 2020 militer
401 1983 637 2022 Scholiastes
659 1982 916 2033 Hermogenis
937 1995 1025 2032 pag.
1047 1986 1138 2020 110.
1161 1984 1219 2018 καὶ
1239 1982 1278 2019 ἐν
1298 1985 1347 2033 τῷ
1362 1984 1454 2019 κατὰ
1467 1981 1703 2032 Ἀριστοκρά-

238 2060 336 2089 τους,
364 2045 404 2082 ἐν
434 2043 492 2087 οἷς
518 2047 643 2095 φησὶν,
664 2046 730 2082 ἐάν
757 2061 814 2088 τις
833 2047 1031 2099 ἀποκτείνῃ
1060 2043 1295 2094 Χαρίέημον,
1323 2045 1520 2094 ἀγώγιμος
1548 2043 1655 2083 ἔστω.
1684 2047 1704 2083 ὁ

234 2106 307 2155 μὲν
327 2108 399 2156 γὰρ
418 2106 459 2144 τὸ
479 2108 677 2157 ἀγώγιμον
697 2107 758 2145 ἐπὶ
777 2104 930 2157 ἓανᾶτιρ
951 2109 1057 2153 λέγει
1077 2103 1186 2150 εἶναι,
1203 2105 1222 2142 ὁ
1243 2104 1278 2142 Fe*
1298 2104 1356 2141 ἐπὶ
1377 2109 1505 2154 κρίσει.

289 2167 386 2205 Haec
407 2168 524 2205 habui
546 2166 760 2218 praefanda,
779 2180 846 2205 seu
868 2166 1154 2217 complananda
1175 2165 1304 2216 potius
1326 2165 1362 2202 in
1381 2166 1488 2204 aditu
1506 2167 1704 2207 Orationis

235 2228 456 2276 luculentae,
479 2237 522 2267 ut
542 2229 677 2267 scribit
690 2229 746 2268 vir
758 2229 1020 2274 doctissimus,
1043 2233 1079 2265 et
1101 2228 1238 2266 multis
1253 2229 1508 2279 antiquitatis
1526 2229 1707 2280 reliquiis

238 2292 462 2330 instructae.
506 2291 606 2335 Quae
626 2303 717 2329 cum
738 2296 844 2327 tanta
866 2290 914 2328 sit
931 2290 1201 2327 commendata
1217 2289 1399 2335 utilitate,
1417 2303 1494 2328 non
1516 2290 1704 2329 minorem

236 2352 358 2390 habet
387 2353 589 2403 elegantiae
622 2359 660 2390 et
691 2351 844 2389 decoris
875 2351 1040 2388 laudem.
1099 2351 1263 2402 Dionys.
1294 2351 1474 2398 Η31ἰο.ξ.
1496 2356 1560 2390 45.
1588 2352 1637 2390 de
1667 2353 1704 2390 vi

237 2414 442 2452 Demosth.
478 2415 540 2451 Ἐκ
555 2414 591 2451 δὲ
612 2421 684 2452 τῶν
703 2414 921 2462 ἐναγωνίων
941 2415 1051 2451 αὐτοῦ
1067 2415 1208 2461 λόγων,
1227 2414 1356 2451 ὁπόσοι
1377 2413 1469 2464 πρὸς
1489 2412 1706 2464 δικαστήρια

238 2477 458 2524 γεγόνασιν,
477 2477 499 2520 ἢ
519 2475 612 2526 πρὸς
639 2476 852 2521 ἐκκλησίας,
881 2479 1139 2526 τεκμαίρομαι,
1168 2474 1224 2512 ὅτι
1254 2475 1389 2521 ταύτην
1415 2477 1482 2519 τὴν
1511 2476 1665 2525 γνώμην
1686 2476 1706 2513 ὃ

237 2539 336 2588 α’νὴρ
356 2536 470 2589 εἶχεν.
499 2539 568 2588 ὁρῶ
589 2540 661 2587 γὰρ
682 2537 808 2583 αὑτὸν,
831 2538 860 2576 εἴ
882 2553 970 2576 ποτε
991 2536 1107 2584 λάβοι
1130 2537 1337 2588 πράγματα
1356 2538 1603 2587 χαριεστέρας
1631 2536 1709 2575 &6-

237 2615 335 2650 μενα
354 2605 593 2644 κατασκευῆς,
614 2602 870 2649 πανηγυρικὴν
890 2603 1016 2642 αὐτοῖς
1036 2598 1261 2637 ἀποέιὲόντα
1277 2605 1341 2643 τῆς
1361 2600 1489 2644 λέξεως
1509 2600 1706 2648 ἁρμονίαν,

239 2666 289 2704 ὡς
314 2662 355 2699 ἐν
377 2664 425 2712 τῷ
446 2664 539 2698 κατὰ
556 2661 866 2711 Ἀριστοκράτους
886 2663 1059 2708 πεποίηκε
1082 2662 1198 2712 λόγῳ,
1220 2662 1400 2712 πολλαχῇ
1418 2658 1488 2709 μὲν
1509 2661 1568 2697 καὶ
1587 2660 1704 2714 ἄλλῃ,

238 2723 408 2774 μάλιστα
436 2721 467 2760 δ’
487 2723 527 2760 ἐν
546 2721 603 2765 οἷς
623 2722 688 2760 τὸν
714 2724 798 2772 περὶ
825 2730 898 2761 τῶν
927 2725 1047 2773 νόμων
1069 2722 1271 2759 α’ποέίέωσι
1297 2725 1429 2769 λόγον,
1454 2723 1514 2758 καὶ
1538 2723 1601 2759 τὸν
1628 2725 1710 2772 περὶ

237 2792 311 2822 τῶν
334 2790 490 2837 φονικῶν
509 2783 764 2834 δικαστηρίων,
785 2784 838 2835 ἐφ’
854 2782 896 2829 ἧς
923 2787 1053 2835 χρείας
1073 2783 1230 2821 ἕκαστον
1250 2784 1431 2820 τέτακται.
1476 2782 1572 2820 Item
1595 2783 1707 2822 Theo

239 2847 550 2896 P1·ogymn.pag.
567 2850 604 2883 5.
623 2844 673 2883 Οἱ
694 2848 789 2892 ’γοῦν
809 2845 1003 2883 κάλλιστοι
1023 2851 1096 2882 τῶν
1117 2844 1303 2894 ἕημοσίων
1323 2846 1452 2892 λόγων
1473 2845 1580 2890 εἰσὶν,
1598 2845 1639 2884 ἐν
1651 2844 1708 2889 οἷς

240 2909 322 2957 περὶ
351 2910 464 2959 νόμον
495 2925 540 2954 τι,
571 2909 593 2953 ἢ
628 2907 883 2958 ψηφίσματος,
919 2904 1224 2958 ἄμφισβητεῖται.
1263 2907 1361 2954 λέγω
1393 2905 1428 2944 Ee*
1457 2909 1520 2945 τόν
1555 2923 1590 2945 τε
1622 2906 1707 2956 περὶ
