1912 3187
239 123 346 178 516

333 248 453 291 Ἱερὸν,
469 249 525 280 ἐπὶ
541 248 742 292 τριακοσίαις
767 248 828 284 τὰς
856 245 982 287 χιλίας,

655 126 1296 175 ΔΗΜΟΣΘΕΝΟὙΣ

1003 245 1057 276 ἐπὶ
1075 244 1166 276 οἴνου
1189 244 1352 287 κεραμίοις
1375 241 1556 280 Μενδαίοις
1578 253 1704 285 τρισχι-

333 296 429 333 λίοις,
455 297 492 334 ὃς
514 296 707 328 πλευσεῖται
732 294 766 326 ἐκ
791 292 928 332 Μένδης
946 293 964 331 ἡ
984 292 1132 330 Σκιώνης
1155 291 1191 323 ἐν
1211 293 1253 333 τῇ
1279 289 1446 332 εἰκοσόρῳ,
1470 288 1705 330 ἣνῪβλὴο-ιος

336 342 528 386 ναυκληρεῖ.
547 341 745 375 ὑποτιὲέασι
760 339 792 372 δὲ
810 342 930 379 ταῦτα,
947 339 1006 370 οὐκ
1027 339 1215 379 ὀφείλοντες
1241 338 1294 369 ἐπὶ
1322 337 1452 375 τούτοις
1478 337 1572 378 ἄλλῳ
1597 335 1707 371 οὐδενὶ

242 473 329 508 patet
344 480 383 499 ex
397 470 532 507 ejusdem
548 467 696 507 Procopii
707 467 823 497 Anecd.
837 477 868 506 p.
881 468 954 497 109.
988 475 1082 503 quare
1095 464 1146 504 qui
1159 476 1225 495 eam
1239 465 1398 505 pecuniam
1409 465 1534 498 dabant,
1545 466 1583 495 de
1597 475 1708 504 genere

243 512 370 552 ποςθμὺ
386 512 429 541 δύο
442 510 614 551 ἑκατέρωθεν
627 510 777 551 Βυζαντίου
789 510 880 543 {cro-a,
895 509 956 539 ἕτε-

244 566 285 595 ρος
296 555 351 594 μὲν
366 553 410 593 ἐφ’
424 553 635 584 ιἱ·;λληο’·’7ι”ο’ντου
647 553 726 592 ἀμφὶ
744 553 850 583 Σηστόν
863 563 897 582 τε
911 551 958 581 καὶ

241 596 371 632 Ἀέἶυδον,
394 597 406 625 ὁ
426 597 453 627 δὲ
476 596 565 637 ἕτεξος
584 595 630 627 ἐπὶ
656 598 704 625 τοῦ
730 595 882 633 στόματος
908 596 958 623 τοῦ

247 638 369 678 Εὐξείνου
383 639 554 680 καλουμένου
571 638 675 669 Πίντου
692 635 719 668 οἷ
734 637 767 667 τὸ
781 637 843 677 ἷεςὲν
857 637 958 675 ὄνομά-

245 682 341 721 ζεται.
377 684 417 712 Et
433 683 524 721 paulo
540 687 628 722 post:
653 682 777 711 τελώνιον
790 681 817 710 δὲ
830 681 960 719 δημότιον

244 726 452 755 κατεστήσατο
463 724 488 755 ἓν
500 725 620 767 πορθμῷ
630 724 763 764 ἑκατέρω.
779 725 858 753 Tum
871 723 959 752 Pala-

246 769 324 798 tium
349 769 604 803 Blachernarum,
618 768 698 806 quod
716 767 788 796 olim
806 771 893 796 extra
910 776 959 795 ur-

245 811 316 841 bem
329 817 405 846 erat,
420 812 511 850 longe
527 813 564 840 ab
581 811 660 840 ostio
680 810 790 839 Euxini
803 809 908 843 maris,
924 809 960 838 li-

246 859 296 884 cet
324 854 435 884 ostium
465 854 540 883 illud
567 853 757 889 intelligatur
782 852 960 891 improprie,

245 898 399 936 quomodo
410 897 594 927 Alamannus
603 896 758 934 intelligit.
782 895 890 933 Itaque
901 904 958 923 non

244 945 350 980 potest
380 940 485 969 vocari
509 939 612 974 στενὲν,
636 938 678 968 ibi
705 937 783 967 enim
807 947 868 966 non
891 942 962 966 sunt

245 983 395 1021 angustiae
420 983 562 1021 Bospori.
597 982 762 1011 PALMER.
800 979 961 1010 Debentur

245 1025 303 1055 tibi
320 1026 464 1065 ἀριστεῖα,
479 1025 630 1064 νικητήρια.
663 1022 778 1052 Vicisti
791 1023 904 1062 quippe
917 1023 962 1052 in-

244 1068 357 1107 clytam
373 1068 543 1097 victoriam.
563 1067 656 1097 Ὀναιο
671 1069 720 1099 τῆς
735 1068 832 1105 τιμῆς.
863 1067 899 1096 Ιιι
918 1066 962 1094 lo-

245 1116 287 1140 co⁴
300 1111 393 1140 Petili
407 1112 444 1140 de
459 1111 696 1141 Demosthenica
708 1109 875 1139 Androclis
891 1119 962 1147 syn-

245 1154 362 1193 grapha
379 1154 455 1183 vidit
468 1164 601 1183 errorem
618 1152 799 1187 Salmasius,
818 1163 877 1182 non
894 1162 962 1189 per-

245 1197 336 1229 vidit,
353 1197 492 1235 quamvis
510 1197 651 1236 proxime
668 1195 845 1224 accesserit.
884 1194 962 1224 Exi-

245 1240 381 1269 stimavit
413 1240 494 1269 enim
524 1240 627 1268 locum
658 1248 727 1267 esse
758 1238 788 1267 in
820 1238 962 1277 Bosporo

243 1283 372 1312 Thracis
389 1281 432 1321 ἐφ’
449 1281 524 1322 ἷεξέν,
541 1288 582 1317 et,
599 1282 679 1320 quod
696 1280 829 1316 mireris,
845 1282 962 1310 Aucto-

243 1335 294 1355 res
313 1325 434 1355 scilicet
451 1325 621 1364 locupletes
645 1325 738 1353 habet
760 1334 823 1353 suae
842 1328 962 1353 senten-

243 1369 308 1403 tim,
325 1380 360 1398 an
377 1368 480 1406 potius
495 1368 619 1402 erroris,
636 1367 912 1405 Harpocrationem
930 1371 962 1396 et

243 1411 382 1441 Snidam.
405 1411 466 1440 Sed
483 1411 551 1440 istis
564 1410 802 1449 Glossographis
819 1420 878 1438 non
893 1420 961 1439 esse

243 1460 359 1484 temere
367 1454 620 1492 credendumjam
631 1454 747 1492 pridem
759 1453 842 1482 docti
852 1463 960 1481 monu-

244 1502 342 1527 erunt.
382 1498 490 1535 Neque
506 1497 583 1526 enim
599 1506 708 1525 nomen
724 1496 816 1525 istius
832 1496 890 1524 loci
916 1495 959 1524 in-

244 1541 363 1570 tellexit
378 1540 517 1579 Scylacis
530 1539 755 1578 Car5andensis
770 1537 959 1567 novissimus

242 1583 408 1622 interpres,
430 1583 472 1611 Is.
492 1583 622 1611 vossius
645 1580 748 1620 magni
772 1580 904 1610 Gerardi
922 1581 958 1609 F.

242 1627 345 1656 Vertit
357 1626 436 1654 enim
455 1623 499 1663 ἐφ’
516 1623 578 1665 ἶεξόν
594 1624 632 1654 ud
640 1624 768 1665 fimum,
781 1623 894 1652 deinde
910 1622 961 1662 ἀφ’

241 1668 309 1709 lego?
325 1668 439 1710 afano.
463 1669 511 1697 De
528 1678 629 1696 errore
649 1668 787 1697 modeste
802 1666 905 1696 monui
929 1672 960 1696 et

242 1712 328 1742 locos
345 1718 412 1740 tuos
428 1711 551 1748 addidi3
574 1710 626 1740 ille
651 1720 724 1739 vero
748 1710 819 1738 nihil
842 1709 880 1738 ad
901 1709 960 1738 ista

241 1754 413 1794 rescripsit.
458 1754 519 1783 Sed
548 1754 599 1792 qui
627 1753 798 1791 potuisset?
832 1752 864 1781 in
892 1752 960 1781 sinu

243 1798 353 1835 gaude.
373 1796 412 1826 In
426 1795 520 1836 Epist.
532 1794 622 1826 XIV.
635 1796 673 1825 ud
688 1795 750 1825 Iac.
765 1795 960 1830 Palmerium,

243 1841 435 1872 Siamus.
459 1839 604 1870 Saravius
615 1838 711 1869 amori
724 1838 849 1868 nimium
863 1837 958 1867 indul-

243 1884 322 1914 sisse
352 1883 486 1913 videtur.
524 1883 650 1912 Revera
671 1881 753 1911 enirn
778 1881 823 1910 ibi
845 1881 958 1917 sanum,

243 1925 309 1967 ἴεξόν
324 1927 393 1961 suit,
411 1930 444 1955 ut
459 1925 507 1956 vel
525 1925 652 1966 Polybii
671 1926 775 1961 verba,
799 1935 817 1954 a
836 1924 959 1954 Palme-

240 1970 289 1999 rio
313 1970 466 2008 neglecta,
490 1970 526 1998 L.
546 1969 604 1998 IV.
626 1978 653 1997 c.
671 1969 723 1998 39.
748 1966 958 2007 patefaciunt:

243 2012 378 2043 omnium
395 2022 469 2042 vero
485 2011 653 2042 clarissime
670 2009 755 2041 Meta
766 2010 811 2039 11.
826 2013 876 2042 19.
891 2020 959 2039 cnm

243 2055 282 2086 de
300 2057 442 2093 Bosporo
456 2054 604 2085 Thracio:
629 2053 703 2093 Ipsis
715 2051 897 2094 infaucibus
911 2063 960 2091 op-

237 2098 360 2139 pidum,
378 2099 410 2127 in
425 2108 473 2127 ore
487 2097 627 2136 templum
642 2102 691 2127 est.
731 2095 839 2134 Oppidi
856 2105 959 2125 nomen

244 2141 413 2171 Chalcedon
442 2145 544 2171 auctor
581 2138 707 2169 Archias
739 2138 960 2179 Megarensium

240 2185 394 2224 princeps.-
421 2183 521 2221 templi
545 2192 653 2212 numen
676 2181 810 2222 aniter,
825 2181 960 2211 conditor

244 2227 341 2257 Iason.
367 2227 406 2255 Et
422 2225 589 2265 Dionysius
606 2224 774 2263 Byzantius
790 2223 821 2253 in
837 2224 958 2262 Anaplo

244 2281 294 2308 ap.
315 2270 351 2298 P.
364 2269 499 2308 Gyllimn
516 2270 554 2298 de
572 2269 665 2307 Bosp.
676 2268 788 2297 Thrac.
803 2267 837 2296 L.
852 2268 914 2296 111.
927 2269 958 2297 5.

243 2313 373 2341 Van-iant
390 2312 512 2350 quidem
528 2311 641 2340 vetusti
659 2312 832 2349 Scriptores
845 2310 882 2338 de
896 2310 957 2339 fani

243 2356 379 2390 numine,
394 2355 474 2393 quod
490 2355 580 2383 Iason
598 2354 748 2384 X11.diis
765 2363 832 2382 aras
849 2353 890 2382 ibi
905 2354 958 2382 de-

244 2397 366 2427 dicarit.
393 2398 439 2426 De
457 2398 573 2435 templo
585 2408 634 2426 res
645 2402 737 2426 certa.
764 2396 841 2425 Vide
855 2396 956 2425 Schol.

242 2440 274 2470 in
302 2440 447 2479 Apollon.
473 2441 570 2469 mind.
595 2441 638 2469 ll.
662 2441 735 2470 5:35.
759 2443 791 2468 et
812 2449 879 2477 quae
900 2438 958 2468 viri

245 2483 415 2513 doctissimi
440 2483 474 2513 Ι),
492 2483 614 2521 Gyllius
630 2483 651 2512 l.
668 2484 697 2511 d.
719 2487 750 2511 et
768 2483 811 2511 Is.
829 2482 958 2511 Vossius

245 2527 284 2556 ad
310 2526 421 2556 Melam
445 2531 695 2555 commentantur.
727 2525 957 2555 WESSELING.

243 2570 293 2600 Cf.
310 2578 430 2608 quoque
447 2568 567 2597 Salmas.
585 2568 619 2596 de
637 2568 681 2597 M.
701 2567 736 2597 U.
755 2578 785 2606 p.
803 2570 876 2597 211.

286 2609 464 2652 nganom'at;
475 2612 529 2643 τὰς
540 2609 720 2650 τξισχιλίας]
738 2613 769 2640 1³.
779 2612 835 2642 τὰς
848 2608 958 2651 χιλίας.

243 2659 278 2685 ut
294 2655 332 2684 de
349 2657 434 2685 :3000
451 2654 619 2691 pendantur
637 2664 735 2681 usurae
748 2654 868 2682 nomine
885 2655 958 2687 900,

243 2709 305 2728 una
325 2708 394 2727 cum
418 2696 638 2735 longinquitate
662 2696 721 2725 loci
746 2701 776 2724 et
800 2696 958 2734 temporiS.

243 2747 352 2771 auctae.
370 2741 480 2769 vertes
492 2739 601 2777 igitur:
616 2740 788 2767 trecentenis
798 2739 876 2767 mille
887 2740 956 2768 dra-

241 2783 350 2814 chmas.
366 2784 485 2813 Womr.
511 2783 546 2811 L.
563 2780 671 2822 χιλίας.
691 2781 827 2811 Auem.

285 2825 348 2856 Ἐπὶ
366 2827 444 2866 οἴνου]
469 2827 503 2856 F.
520 2825 567 2853 καὶ
584 2824 631 2854 ἐπὶ
647 2823 721 2853 οἴνου.
739 2825 860 2854 W'oLP.

294 2869 355 2899 Euri
379 2868 443 2898 οἴνου
463 2880 490 2898 κ.
508 2880 537 2898 τ.
554 2867 600 2907 λ.]
629 2867 765 2897 Pecunia
794 2865 957 2904 trajectitia

240 2912 449 2951 accipiebatur
475 2913 513 2941 ad
540 2915 739 2941 mercaturam
761 2909 951 2946 faciendam

990 513 1022 537 et
1037 509 1204 547 quantitate
1222 509 1369 538 mercium
1386 509 1549 538 convenire
1571 509 1709 538 solebant

992 560 1059 580 cum
1088 560 1135 586 eo,
1160 551 1211 590 qui
1234 551 1394 590 pecuniam
1421 551 1607 590 accipiebat,
1631 561 1707 590 quas

992 592 1118 632 speciali
1137 594 1261 634 pignore
1281 594 1339 623 sibi
1357 593 1488 633 obligari
1512 593 1708 633 pacisceban-

992 640 1053 665 tur.
1077 637 1122 666 Ac
1139 637 1165 666 si
1183 647 1237 676 pro
1253 642 1316 666 tola
1332 637 1528 675 navigatione
1544 637 1707 675 pecuniam

993 678 1198 714 crediderant,
1226 678 1481 719 ἀμφοτερὸωλουν,
1509 689 1560 708 eas
1589 690 1710 719 quoque

992 732 1120 757 merces,
1133 733 1201 761 quae
1215 732 1253 751 ex
1267 732 1381 757 earum,
1395 732 1462 760 qua:
1475 722 1710 758 invehebantur,

993 765 1193 794 distractione
1228 771 1450 803 repararentur,
1480 765 1587 794 eodem
1626 775 1710 795 nexu

995 807 1092 837 teneri
1116 808 1352 847 stipulabantur,
1376 807 1456 846 quod
1484 807 1619 838 ostendit
1644 809 1710 838 haec

994 852 1175 889 syngrapha.
1206 851 1316 880 Fiebat
1327 855 1426 880 tamen
1440 850 1604 890 aliquando
1616 851 1710 888 srauS,

994 903 1092 931 neque
1106 893 1274 932 pecuniain
1287 903 1356 923 eum
1367 903 1453 923 usum
1467 893 1711 933 impendebatur,

994 936 1024 964 in
1041 946 1131 974 quem
1154 940 1220 965 erat
1242 937 1370 971 credita,
1385 937 1466 975 quod
1482 942 1650 976 queruntur
1664 938 1710 967 fa-

995 983 1077 1007 ctum
1108 979 1143 1012 ii.
1172 979 1283 1018 quibus
1311 979 1378 1009 haec
1406 980 1582 1019 syngrapha
1610 981 1709 1010 fuerat

994 1021 1075 1050 data.
1101 1023 1148 1051 Cf.
1171 1033 1205 1051 π.
1230 1028 1317 1061 Φοξμ.
1343 1032 1373 1061 p.
1395 1024 1468 1053 922.
1492 1023 1541 1052 ed.
1566 1023 1609 1053 R.
1638 1024 1712 1054 ΗΕ-

997 1074 1148 1094 BALDUS.

1038 1105 1198 1147 Κεραμίοις]
1226 1107 1298 1137 Hoc
1321 1113 1420 1137 tamen
1443 1107 1627 1144 tenebimus,
1649 1118 1713 1138 am-

995 1149 1122 1187 phoram
1139 1155 1170 1179 et
1185 1150 1349 1180 ceramium
1367 1150 1492 1180 eandem
1509 1161 1577 1181 esse
1593 1161 1714 1181 mensu-

996 1202 1072 1227 ram,
1090 1198 1123 1222 ut
1138 1198 1295 1222 metretam
1313 1199 1343 1224 et
1360 1194 1480 1223 cadum.
1526 1195 1559 1224 Si
1575 1194 1644 1234 quis
1667 1199 1713 1223 ta-

995 1245 1065 1265 men
1092 1236 1314 1266 animadvertat
1338 1238 1392 1266 Or.
1422 1237 1511 1265 Dem.
1535 1248 1568 1267 π.
1593 1244 1713 1277 Λακριτ.

996 1278 1158 1308 mirabitur
1174 1279 1308 1318 pretium
1326 1280 1391 1309 vini
1407 1279 1562 1318 importati
1579 1279 1608 1309 in
1630 1280 1714 1310 Pou—

996 1327 1058 1351 tum
1083 1332 1123 1351 ex
1147 1323 1222 1350 urbe
1248 1323 1377 1361 quadam
1401 1323 1549 1357 Thraciae,
1565 1323 1713 1352 talentum

996 1366 1115 1403 argenti
1140 1365 1244 1400 statui,
1262 1366 1353 1394 etiam
1373 1376 1442 1394 cuin
1461 1366 1552 1395 naulo
1568 1370 1599 1395 et
1618 1375 1713 1404 appa-

995 1412 1063 1436 ratu
1094 1408 1278 1442 necessario,
1303 1414 1334 1437 et
1359 1413 1404 1438 iot
1427 1409 1561 1438 ceramia
1588 1408 1713 1438 icosoro

995 1451 1066 1479 navi
1083 1450 1245 1490 importata
1257 1461 1334 1486 esse,
1348 1446 1369 1480 i.
1382 1462 1409 1480 e.
1425 1451 1628 1489 εἶκονακώπῳ,
1639 1451 1714 1481 licet

994 1493 1161 1522 Athenaeus
1178 1493 1232 1522 lib.
1250 1494 1288 1524 V.
1306 1494 1368 1522 ἀντὶ
1391 1496 1442 1528 τῖς
1464 1494 1615 1534 εἶκοσέςους
1635 1504 1711 1524 usus

995 1536 1096 1571 sit‚de
1112 1536 1280 1565 Hieronica
1297 1547 1373 1566 nave
1389 1537 1579 1575 loquensfrb.
1589 1536 1617 1566 δὲ
1629 1548 1710 1576 ‘rgia-

994 1576 1080 1618 χίλιοι
1096 1580 1192 1608 ταῦτα.
1209 1579 1332 1618 κεξίιμια.
1348 1579 1470 1616 ἄγεσθαι
1493 1580 1531 1613 εἷς
1552 1578 1599 1608 τᾶν
1614 1579 1713 1609 Πόντον

994 1621 1129 1660 εἰκοτέρῳ.
1174 1622 1296 1658 Quibus
1321 1622 1425 1652 verbis
1457 1622 1611 1660 conjicere
1638 1623 1713 1652 licet

995 1664 1156 1693 ceramium
1174 1664 1310 1694 Atticum
1335 1665 1552 1695 Demosthenis
1575 1670 1712 1704 tempore

994 1706 1094 1736 minus
1118 1707 1212 1737 fuisse
1229 1708 1374 1746 amphora
1392 1709 1549 1737 Romana:
1572 1707 1632 1737 nisi
1655 1717 1713 1746 po-

995 1749 1056 1778 tius
1070 1749 1276 1788 intelligamus
1293 1751 1424 1780 ceramia
1436 1750 1565 1780 Thracia
1579 1761 1638 1780 nou
1653 1751 1711 1780 At-

994 1794 1055 1822 tica
1071 1802 1111 1822 ex
1125 1794 1199 1822 urbe
1216 1794 1331 1823 Menda
1346 1794 1376 1822 in
1393 1794 1523 1823 Pontum
1535 1793 1710 1833 importata.

995 1835 1032 1865 In
1046 1846 1105 1874 qua
1119 1837 1253 1866 oratione
1267 1842 1416 1866 stamnum
1429 1841 1460 1866 et
1472 1837 1637 1867 ceramium
1652 1847 1709 1875 pro

994 1879 1103 1908 eodem
1118 1879 1216 1918 ponit.
1232 1877 1280 1908 De
1294 1879 1362 1910 Asse
1375 1879 1431 1910 lib.
1442 1880 1481 1909 V.
1496 1890 1529 1919 p.
1549 1880 1620 1910 157.
1641 1881 1710 1915 Bu-

996 1931 1104 1952 DAEus.

1037 1963 1239 1995 ’Ύωοτιὸέασι
1261 1963 1289 1994 δὲ
1308 1965 1422 2005 ταῦτα]
1447 1966 1493 1995 Τὰ
1512 1964 1636 2006 κεράμια
1659 1966 1709 1995 τοῦ

994 2007 1126 2038 Μενδαίου
1139 2008 1213 2038 οἴνου.
1237 2018 1304 2047 quae
1328 2009 1444 2038 Mende
1459 2007 1490 2037 in
1506 2008 1640 2038 Pontum
1656 2018 1709 2038 re-

997 2050 1096 2081 henda
1108 2056 1204 2081 erant.
1217 2055 1247 2080 et
1260 2062 1289 2080 v.
1302 2053 1332 2081 8.
1341 2061 1372 2090 p.
1382 2051 1457 2081 517.
1468 2049 1517 2084 ἕως
1533 2050 1565 2080 ἂν
1580 2051 1708 2081 ἀποδῶσι

995 2091 1028 2121 τὸ
1044 2094 1208 2133 γιγνόμενον.
1224 2094 1350 2124 WoLF.

1036 2135 1239 2167 ’Υωοτιὲἑασι
1270 2148 1297 2166 κ.
1317 2149 1347 2166 τ.
1371 2136 1417 2177 λ.]
1449 2136 1533 2176 Ergo
1558 2137 1710 2175 ejusmodi

994 2189 1110 2210 merces
1127 2185 1213 2209 crant
1236 2180 1274 2209 iis
1295 2180 1471 2219 specialiter
1491 2179 1708 2219 oppigneratae,

995 2222 1047 2260 qui
1065 2223 1225 2261 pecuniam
1249 2223 1287 2252 ad
1312 2233 1375 2252 eam
1395 2222 1631 2259 negotiationem
1648 2228 1710 2252 tra-

994 2265 1156 2299 didissent,
1179 2267 1261 2304 quod
1278 2266 1416 2295 ostendit
1433 2265 1523 2295 etiam
1545 2265 1627 2295 idem
1644 2266 1709 2296 De-

994 2310 1167 2338 mosthenes
1193 2320 1226 2338 π.
1249 2315 1336 2349 Φορμ.
1361 2314 1391 2338 et
1408 2308 1492 2338 alibi.
1528 2309 1597 2338 Nec
1625 2308 1708 2339 aliud

993 2351 1088 2381 fuisse
1108 2354 1165 2382 Jns
1190 2352 1282 2381 Rom.
1303 2355 1421 2381 constat
1437 2362 1453 2381 e
1473 2351 1493 2380 1.
1515 2353 1546 2381 4.
1562 2353 1595 2381 in
1611 2353 1708 2390 princ.

993 2395 1053 2423 l.6.
1073 2394 1112 2423 D.
1128 2393 1173 2423 De
1190 2393 1357 2435 71uut.foen.
1371 2395 1394 2424 l.
1413 2393 1625 2432 QuiRoma.§.
1637 2394 1707 2424 cal-

994 2437 1148 2466 limachus.
1164 2436 1203 2466 D.
1222 2436 1268 2465 De
1285 2438 1359 2467 verb.
1375 2437 1464 2475 oblig.
1498 2439 1707 2468 HEnAtnus.

1037 2480 1096 2510 0327.
1110 2478 1261 2518 ὀφείλοντες
1275 2491 1302 2509 κ.
1319 2491 1349 2509 τ.
1366 2479 1414 2519 λ.]
1437 2480 1517 2509 Nam
1541 2480 1568 2510 si
1587 2481 1637 2510 cui
1661 2491 1706 2510 εκ

993 2533 1112 2552 merces
1137 2523 1267 2552 fuissent
1300 2523 1386 2561 prius
1413 2522 1566 2560 obligatae,
1596 2522 1706 2553 inutile

993 2566 1106 2605 pignus
1121 2566 1230 2595 suisset
1251 2566 1386 2595 secundo
1402 2565 1560 2595 creditori.
1604 2566 1642 2595 In
1657 2576 1706 2595 re-

995 2610 1049 2638 bus
1066 2609 1145 2638 enim
1164 2608 1327 2637 mobilibus
1343 2608 1490 2646 temporis
1505 2608 1580 2637 ordo
1601 2618 1707 2638 serva-

992 2653 1082 2681 batur
1101 2654 1170 2690 jure
1189 2651 1303 2685 Attico,
1322 2650 1577 2690 quemadmodum
1595 2656 1627 2680 et
1642 2651 1707 2680 Ro.

992 2705 1092 2724 mano.
1122 2694 1184 2730 Qui
1205 2694 1235 2723 in
1257 2694 1385 2734 pignore
1409 2693 1454 2723 rei
1480 2692 1601 2722 mobilis
1622 2694 1706 2732 prior

993 2744 1058 2767 erat
1075 2742 1224 2775 tempore,
1240 2738 1342 2775 potior
1354 2736 1444 2765 etiam
1458 2735 1601 2776 eratj·:re
1616 2747 1623 2765 :
1647 2737 1704 2766 hac

992 2785 1091 2809 autem
1109 2780 1139 2809 in
1162 2779 1365 2808 conventione
1386 2778 1523 2808 fraudem
1546 2779 1642 2808 fuisse
1660 2779 1705 2809 fa-

992 2826 1082 2856 etam,
1098 2827 1130 2851 et
1149 2822 1314 2851 admissum
1330 2821 1536 2851 stellionatum
1554 2823 1703 2861 quereba-

990 2870 1039 2894 tur
1058 2864 1294 2894 Demosthenes.
1317 2864 1364 2894 Cf.
1381 2865 1401 2894 1.
1427 2869 1454 2894 1.
1469 2865 1505 2894 «Ie
1525 2873 1586 2894 rer.
1598 2864 1701 2904 judic.

989 2913 1070 2938 auct.
1095 2908 1200 2937 IDEM.
1289 2903 1291 2908 ¹

1900 2401 1912 2431 *Α

1903 3053 1907 3062 -
1903 3036 1912 3044 v
1899 2964 1912 3012 .—.
1891 2752 1912 2953 im-
1891 2435 1912 2742 fimana-..-

1895 3111 1912 3187 kent
1902 3084 1906 3090 ⁴
