<?xml version="1.0" encoding="UTF-8"?>
<!DOCTYPE html PUBLIC "-//W3C//DTD XHTML 1.0 Transitional//EN"
    "http://www.w3.org/TR/xhtml1/DTD/xhtml1-transitional.dtd">
<html xmlns="http://www.w3.org/1999/xhtml" xml:lang="en" lang="en">
 <head>
  <title>
</title>
<meta http-equiv="Content-Type" content="text/html;charset=utf-8" />
  <meta name='ocr-system' content='tesseract 3.04.00' />
  <meta name='ocr-capabilities' content='ocr_page ocr_carea ocr_par ocr_line ocrx_word'/>
</head>
<body>
  <div class='ocr_page' id='page_1' title='image "./oratoresatticie07dobs_0146.png"; bbox 0 0 1912 3187; ppageno 0'>
   <div class='ocr_carea' id='block_1_1' title="bbox 216 123 1273 178">
    <p class='ocr_par' dir='ltr' id='par_1_1' title="bbox 216 123 1273 178">
     <span class='ocr_line' id='line_1_1' title="bbox 216 123 1273 178; baseline 0.007 -7"><span class='ocrx_word' id='word_1_1' title='bbox 216 123 322 172; x_wconf 85' lang='grc'><strong>134·</strong></span> <span class='ocrx_word' id='word_1_2' title='bbox 603 133 966 177; x_wconf 83' lang='lat' dir='ltr'><strong>BUTTMANNI</strong></span> <span class='ocrx_word' id='word_1_3' title='bbox 1001 135 1273 178; x_wconf 87' lang='lat' dir='ltr'><strong>DISPUTT.</strong></span> 
     </span>
    </p>
   </div>
   <div class='ocr_carea' id='block_1_2' title="bbox 207 243 1687 2921">
    <p class='ocr_par' dir='ltr' id='par_1_2' title="bbox 209 243 1685 1107">
     <span class='ocr_line' id='line_1_2' title="bbox 211 243 1674 288; baseline -0.001 -9"><span class='ocrx_word' id='word_1_4' title='bbox 211 246 279 287; x_wconf 85' lang='lat' dir='ltr'>cst,</span> <span class='ocrx_word' id='word_1_5' title='bbox 294 254 361 281; x_wconf 83' lang='lat' dir='ltr'>nec</span> <span class='ocrx_word' id='word_1_6' title='bbox 378 243 447 277; x_wconf 90' lang='lat' dir='ltr'>nisi</span> <span class='ocrx_word' id='word_1_7' title='bbox 465 245 609 288; x_wconf 87' lang='lat' dir='ltr'>poetici,</span> <span class='ocrx_word' id='word_1_8' title='bbox 627 245 663 278; x_wconf 87' lang='lat' dir='ltr'>in</span> <span class='ocrx_word' id='word_1_9' title='bbox 680 246 771 283; x_wconf 88' lang='lat' dir='ltr'>loco,</span> <span class='ocrx_word' id='word_1_10' title='bbox 789 244 850 277; x_wconf 89' lang='lat' dir='ltr'>ubi</span> <span class='ocrx_word' id='word_1_11' title='bbox 867 243 1022 287; x_wconf 86' lang='lat' dir='ltr'>pedibus</span> <span class='ocrx_word' id='word_1_12' title='bbox 1039 246 1160 279; x_wconf 81' lang='lat' dir='ltr'>omnia</span> <span class='ocrx_word' id='word_1_13' title='bbox 1175 245 1357 279; x_wconf 85' lang='lat' dir='ltr'>humiliter</span> <span class='ocrx_word' id='word_1_14' title='bbox 1373 243 1571 278; x_wconf 76' lang='lat' dir='ltr'>incedunt?</span> <span class='ocrx_word' id='word_1_15' title='bbox 1602 243 1674 278; x_wconf 87' lang='lat' dir='ltr'>Te-</span> 
     </span>
     <span class='ocr_line' id='line_1_3' title="bbox 211 297 1675 342; baseline -0.001 -10"><span class='ocrx_word' id='word_1_16' title='bbox 211 298 347 332; x_wconf 85' lang='lat' dir='ltr'>terrimi</span> <span class='ocrx_word' id='word_1_17' title='bbox 365 299 488 332; x_wconf 89' lang='lat' dir='ltr'>mendi</span> <span class='ocrx_word' id='word_1_18' title='bbox 505 299 624 332; x_wconf 80' lang='lat' dir='ltr'><strong>cubile</strong></span> <span class='ocrx_word' id='word_1_19' title='bbox 642 298 701 331; x_wconf 83' lang='lat' dir='ltr'>hic</span> <span class='ocrx_word' id='word_1_20' title='bbox 719 308 809 339; x_wconf 78' lang='lat' dir='ltr'>esse,</span> <span class='ocrx_word' id='word_1_21' title='bbox 826 298 895 342; x_wconf 90' lang='lat' dir='ltr'>ipsi</span> <span class='ocrx_word' id='word_1_22' title='bbox 909 299 988 332; x_wconf 87' lang='lat' dir='ltr'>libri</span> <span class='ocrx_word' id='word_1_23' title='bbox 1005 299 1176 333; x_wconf 84' lang='lat' dir='ltr'>indicant.</span> <span class='ocrx_word' id='word_1_24' title='bbox 1218 299 1303 334; x_wconf 82' lang='lat' dir='ltr'>Vox</span> <span class='ocrx_word' id='word_1_25' title='bbox 1320 300 1493 342; x_wconf 75' lang='grc' dir='ltr'>δωόωναίῳ</span> <span class='ocrx_word' id='word_1_26' title='bbox 1511 298 1613 332; x_wconf 82' lang='lat' dir='ltr'>abest</span> <span class='ocrx_word' id='word_1_27' title='bbox 1629 297 1675 331; x_wconf 84' lang='lat' dir='ltr'>ab</span> 
     </span>
     <span class='ocr_line' id='line_1_4' title="bbox 211 352 1674 398; baseline -0.001 -11"><span class='ocrx_word' id='word_1_28' title='bbox 211 353 352 398; x_wconf 84' lang='lat' dir='ltr'>aliquot</span> <span class='ocrx_word' id='word_1_29' title='bbox 369 364 495 387; x_wconf 83' lang='lat' dir='ltr'>corum</span> <span class='ocrx_word' id='word_1_30' title='bbox 513 357 549 387; x_wconf 88' lang='lat' dir='ltr'>et</span> <span class='ocrx_word' id='word_1_31' title='bbox 566 354 644 396; x_wconf 79' lang='lat' dir='ltr'>ojus</span> <span class='ocrx_word' id='word_1_32' title='bbox 660 354 740 386; x_wconf 90' lang='lat' dir='ltr'>loco</span> <span class='ocrx_word' id='word_1_33' title='bbox 765 353 801 386; x_wconf 91' lang='lat' dir='ltr'>in</span> <span class='ocrx_word' id='word_1_34' title='bbox 820 352 955 386; x_wconf 85' lang='lat' dir='ltr'>Aldina</span> <span class='ocrx_word' id='word_1_35' title='bbox 971 364 1126 388; x_wconf 86' lang='lat' dir='ltr'>vacuum</span> <span class='ocrx_word' id='word_1_36' title='bbox 1151 355 1307 398; x_wconf 88' lang='lat' dir='ltr'>spatium</span> <span class='ocrx_word' id='word_1_37' title='bbox 1332 354 1509 393; x_wconf 87' lang='lat' dir='ltr'>relictum,</span> <span class='ocrx_word' id='word_1_38' title='bbox 1522 352 1620 398; x_wconf 87' lang='lat' dir='ltr'>quod</span> <span class='ocrx_word' id='word_1_39' title='bbox 1637 353 1674 386; x_wconf 91' lang='lat' dir='ltr'>in</span> 
     </span>
     <span class='ocr_line' id='line_1_5' title="bbox 211 407 1675 453; baseline -0.001 -11"><span class='ocrx_word' id='word_1_40' title='bbox 211 409 384 452; x_wconf 80' lang='lat' dir='ltr'>exemplo</span> <span class='ocrx_word' id='word_1_41' title='bbox 401 408 638 451; x_wconf 81' lang='lat' dir='ltr'>Lessingiano</span> <span class='ocrx_word' id='word_1_42' title='bbox 656 417 677 439; x_wconf 86' lang='lat' dir='ltr'><strong>a</strong></span> <span class='ocrx_word' id='word_1_43' title='bbox 693 407 943 440; x_wconf 82' lang='lat' dir='ltr'>Correctorum</span> <span class='ocrx_word' id='word_1_44' title='bbox 966 407 1078 441; x_wconf 87' lang='lat' dir='ltr'>altero</span> <span class='ocrx_word' id='word_1_45' title='bbox 1102 410 1271 452; x_wconf 79' lang='lat' dir='ltr'>expletur</span> <span class='ocrx_word' id='word_1_46' title='bbox 1294 420 1357 453; x_wconf 81' lang='lat' dir='ltr'>per</span> <span class='ocrx_word' id='word_1_47' title='bbox 1374 422 1475 453; x_wconf 77' lang='grc' dir='ltr'>ναρω,</span> <span class='ocrx_word' id='word_1_48' title='bbox 1499 408 1544 441; x_wconf 88' lang='lat' dir='ltr'>ab</span> <span class='ocrx_word' id='word_1_49' title='bbox 1562 407 1675 441; x_wconf 84' lang='lat' dir='ltr'>altero</span> 
     </span>
     <span class='ocr_line' id='line_1_6' title="bbox 211 461 1676 508; baseline -0.002 -11"><span class='ocrx_word' id='word_1_50' title='bbox 211 474 278 507; x_wconf 89' lang='lat' dir='ltr'>per</span> <span class='ocrx_word' id='word_1_51' title='bbox 295 477 438 508; x_wconf 77' lang='grc' dir='ltr'>τομαρω.</span> <span class='ocrx_word' id='word_1_52' title='bbox 490 462 585 496; x_wconf 81' lang='lat' dir='ltr'>cod.</span> <span class='ocrx_word' id='word_1_53' title='bbox 603 462 696 495; x_wconf 85' lang='lat' dir='ltr'><strong>Bav.</strong></span> <span class='ocrx_word' id='word_1_54' title='bbox 714 462 778 495; x_wconf 87' lang='lat' dir='ltr'>dat</span> <span class='ocrx_word' id='word_1_55' title='bbox 794 465 843 504; x_wconf 76' lang='grc' dir='ltr'>τῷ</span> <span class='ocrx_word' id='word_1_56' title='bbox 858 465 910 495; x_wconf 78' lang='grc' dir='ltr'>Διῒ</span> <span class='ocrx_word' id='word_1_57' title='bbox 926 466 994 495; x_wconf 86' lang='grc' dir='ltr'>τῶν</span> <span class='ocrx_word' id='word_1_58' title='bbox 1016 464 1160 507; x_wconf 83' lang='grc' dir='ltr'>ἀροτρίς.</span> <span class='ocrx_word' id='word_1_59' title='bbox 1209 463 1311 497; x_wconf 86' lang='lat' dir='ltr'><strong>Inter</strong></span> <span class='ocrx_word' id='word_1_60' title='bbox 1329 463 1400 498; x_wconf 85' lang='lat' dir='ltr'>alia</span> <span class='ocrx_word' id='word_1_61' title='bbox 1417 474 1498 497; x_wconf 84' lang='lat' dir='ltr'>mea</span> <span class='ocrx_word' id='word_1_62' title='bbox 1515 462 1561 496; x_wconf 91' lang='lat' dir='ltr'>ad</span> <span class='ocrx_word' id='word_1_63' title='bbox 1577 461 1676 495; x_wconf 87' lang='lat' dir='ltr'>hunc</span> 
     </span>
     <span class='ocr_line' id='line_1_7' title="bbox 209 516 1677 562; baseline -0.001 -10"><span class='ocrx_word' id='word_1_64' title='bbox 209 519 330 552; x_wconf 88' lang='lat' dir='ltr'>locum</span> <span class='ocrx_word' id='word_1_65' title='bbox 353 520 560 550; x_wconf 80' lang='lat' dir='ltr'>commenta</span> <span class='ocrx_word' id='word_1_66' title='bbox 585 516 653 549; x_wconf 91' lang='lat' dir='ltr'>hoc</span> <span class='ocrx_word' id='word_1_67' title='bbox 674 526 820 561; x_wconf 88' lang='lat' dir='ltr'>quoquc</span> <span class='ocrx_word' id='word_1_68' title='bbox 844 518 933 557; x_wconf 85' lang='lat' dir='ltr'>crat,</span> <span class='ocrx_word' id='word_1_69' title='bbox 959 518 1001 549; x_wconf 87' lang='lat' dir='ltr'>ut</span> <span class='ocrx_word' id='word_1_70' title='bbox 1023 517 1212 560; x_wconf 80' lang='lat' dir='ltr'>vulgatum</span> <span class='ocrx_word' id='word_1_71' title='bbox 1238 519 1411 562; x_wconf 80' lang='grc' dir='ltr'>δωόωναίῳ</span> <span class='ocrx_word' id='word_1_72' title='bbox 1427 528 1551 552; x_wconf 85' lang='lat' dir='ltr'>verum</span> <span class='ocrx_word' id='word_1_73' title='bbox 1569 520 1677 561; x_wconf 84' lang='lat' dir='ltr'>puta-</span> 
     </span>
     <span class='ocr_line' id='line_1_8' title="bbox 210 570 1677 615; baseline -0.001 -9"><span class='ocrx_word' id='word_1_74' title='bbox 210 583 300 614; x_wconf 85' lang='lat' dir='ltr'>rem,</span> <span class='ocrx_word' id='word_1_75' title='bbox 314 582 360 605; x_wconf 89' lang='lat' dir='ltr'>ex</span> <span class='ocrx_word' id='word_1_76' title='bbox 374 571 483 615; x_wconf 87' lang='lat' dir='ltr'>cujus</span> <span class='ocrx_word' id='word_1_77' title='bbox 497 570 690 615; x_wconf 85' lang='lat' dir='ltr'><strong>postremis</strong></span> <span class='ocrx_word' id='word_1_78' title='bbox 704 570 850 614; x_wconf 79' lang='lat' dir='ltr'>syllabis</span> <span class='ocrx_word' id='word_1_79' title='bbox 867 573 971 604; x_wconf 84' lang='lat' dir='ltr'>natas</span> <span class='ocrx_word' id='word_1_80' title='bbox 990 570 1075 604; x_wconf 82' lang='lat' dir='ltr'>mihi</span> <span class='ocrx_word' id='word_1_81' title='bbox 1087 572 1258 615; x_wconf 81' lang='lat' dir='ltr'>fingerem</span> <span class='ocrx_word' id='word_1_82' title='bbox 1275 583 1345 605; x_wconf 89' lang='lat' dir='ltr'>non</span> <span class='ocrx_word' id='word_1_83' title='bbox 1365 574 1480 606; x_wconf 86' lang='lat' dir='ltr'>solum</span> <span class='ocrx_word' id='word_1_84' title='bbox 1493 572 1677 615; x_wconf 88' lang='lat' dir='ltr'>Lessingi-</span> 
     </span>
     <span class='ocr_line' id='line_1_9' title="bbox 212 626 1677 671; baseline 0 -11"><span class='ocrx_word' id='word_1_85' title='bbox 212 638 300 661; x_wconf 84' lang='lat' dir='ltr'>anas</span> <span class='ocrx_word' id='word_1_86' title='bbox 317 626 396 660; x_wconf 86' lang='lat' dir='ltr'>illas</span> <span class='ocrx_word' id='word_1_87' title='bbox 412 626 620 670; x_wconf 64' lang='lat' dir='ltr'>scripturam,</span> <span class='ocrx_word' id='word_1_88' title='bbox 637 626 700 659; x_wconf 89' lang='lat' dir='ltr'>sed</span> <span class='ocrx_word' id='word_1_89' title='bbox 717 626 837 670; x_wconf 88' lang='lat' dir='ltr'>ipsum</span> <span class='ocrx_word' id='word_1_90' title='bbox 859 636 1006 669; x_wconf 90' lang='lat' dir='ltr'>quoque</span> <span class='ocrx_word' id='word_1_91' title='bbox 1023 627 1122 659; x_wconf 86' lang='lat' dir='ltr'>vocis</span> <span class='ocrx_word' id='word_1_92' title='bbox 1139 628 1289 671; x_wconf 81' lang='grc' dir='ltr'>ἀροτρεῒς</span> <span class='ocrx_word' id='word_1_93' title='bbox 1305 627 1448 660; x_wconf 87' lang='lat' dir='ltr'>initium</span> <span class='ocrx_word' id='word_1_94' title='bbox 1471 627 1522 660; x_wconf 82' lang='lat' dir='ltr'>ita</span> <span class='ocrx_word' id='word_1_95' title='bbox 1544 631 1584 660; x_wconf 88' lang='lat' dir='ltr'>ut</span> <span class='ocrx_word' id='word_1_96' title='bbox 1600 627 1677 660; x_wconf 81' lang='lat' dir='ltr'>sola</span> 
     </span>
     <span class='ocr_line' id='line_1_10' title="bbox 210 679 1679 724; baseline 0.001 -11"><span class='ocrx_word' id='word_1_97' title='bbox 210 680 350 724; x_wconf 77' lang='lat' dir='ltr'>syllaba</span> <span class='ocrx_word' id='word_1_98' title='bbox 365 684 464 724; x_wconf 80' lang='grc' dir='ltr'><em>τρεῖς,</em></span> <span class='ocrx_word' id='word_1_99' title='bbox 476 691 559 724; x_wconf 87' lang='lat' dir='ltr'>quae</span> <span class='ocrx_word' id='word_1_100' title='bbox 578 680 688 713; x_wconf 91' lang='lat' dir='ltr'>boum</span> <span class='ocrx_word' id='word_1_101' title='bbox 704 688 895 713; x_wconf 86' lang='lat' dir='ltr'>numerum</span> <span class='ocrx_word' id='word_1_102' title='bbox 913 679 1088 721; x_wconf 84' lang='lat' dir='ltr'>definiret,</span> <span class='ocrx_word' id='word_1_103' title='bbox 1106 681 1296 714; x_wconf 90' lang='lat' dir='ltr'>retinenda</span> <span class='ocrx_word' id='word_1_104' title='bbox 1311 684 1418 715; x_wconf 84' lang='lat' dir='ltr'>esset.</span> <span class='ocrx_word' id='word_1_105' title='bbox 1445 681 1495 714; x_wconf 85' lang='lat' dir='ltr'>Et</span> <span class='ocrx_word' id='word_1_106' title='bbox 1510 681 1578 715; x_wconf 87' lang='lat' dir='ltr'>hoo</span> <span class='ocrx_word' id='word_1_107' title='bbox 1595 681 1679 714; x_wconf 88' lang='lat' dir='ltr'>ulti·</span> 
     </span>
     <span class='ocr_line' id='line_1_11' title="bbox 210 733 1679 779; baseline 0.001 -11"><span class='ocrx_word' id='word_1_108' title='bbox 210 745 314 768; x_wconf 87' lang='lat' dir='ltr'>mum</span> <span class='ocrx_word' id='word_1_109' title='bbox 332 734 449 768; x_wconf 83' lang='lat' dir='ltr'>solum</span> <span class='ocrx_word' id='word_1_110' title='bbox 464 745 589 768; x_wconf 87' lang='lat' dir='ltr'>verum</span> <span class='ocrx_word' id='word_1_111' title='bbox 605 738 701 768; x_wconf 83' lang='lat' dir='ltr'>erat:</span> <span class='ocrx_word' id='word_1_112' title='bbox 718 744 853 774; x_wconf 88' lang='lat' dir='ltr'>corum,</span> <span class='ocrx_word' id='word_1_113' title='bbox 867 743 949 776; x_wconf 85' lang='lat' dir='ltr'>quae</span> <span class='ocrx_word' id='word_1_114' title='bbox 961 733 1186 777; x_wconf 85' lang='lat' dir='ltr'>praecedunt‚</span> <span class='ocrx_word' id='word_1_115' title='bbox 1205 736 1469 768; x_wconf 86' lang='lat' dir='ltr'>restitutionem</span> <span class='ocrx_word' id='word_1_116' title='bbox 1484 735 1550 779; x_wconf 84' lang='lat' dir='ltr'>ipsi</span> <span class='ocrx_word' id='word_1_117' title='bbox 1567 735 1679 769; x_wconf 86' lang='lat' dir='ltr'>libelli</span> 
     </span>
     <span class='ocr_line' id='line_1_12' title="bbox 211 787 1679 836; baseline 0 -12"><span class='ocrx_word' id='word_1_118' title='bbox 211 790 341 824; x_wconf 86' lang='lat' dir='ltr'>editori</span> <span class='ocrx_word' id='word_1_119' title='bbox 358 790 494 823; x_wconf 86' lang='lat' dir='ltr'>debent</span> <span class='ocrx_word' id='word_1_120' title='bbox 515 790 677 823; x_wconf 84' lang='lat' dir='ltr'>lectores.</span> <span class='ocrx_word' id='word_1_121' title='bbox 725 788 765 821; x_wconf 93' lang='lat' dir='ltr'>Is</span> <span class='ocrx_word' id='word_1_122' title='bbox 783 788 890 828; x_wconf 87' lang='lat' dir='ltr'>enim,</span> <span class='ocrx_word' id='word_1_123' title='bbox 906 787 943 820; x_wconf 92' lang='lat' dir='ltr'>in</span> <span class='ocrx_word' id='word_1_124' title='bbox 961 787 1137 831; x_wconf 86' lang='lat' dir='ltr'>scriptura</span> <span class='ocrx_word' id='word_1_125' title='bbox 1155 789 1392 833; x_wconf 83' lang='lat' dir='ltr'>Lessingiana</span> <span class='ocrx_word' id='word_1_126' title='bbox 1408 790 1520 824; x_wconf 88' lang='lat' dir='ltr'>altera</span> <span class='ocrx_word' id='word_1_127' title='bbox 1536 804 1679 836; x_wconf 80' lang='grc' dir='ltr'>τομαρω,</span> 
     </span>
     <span class='ocr_line' id='line_1_13' title="bbox 212 841 1682 888; baseline 0.001 -11"><span class='ocrx_word' id='word_1_128' title='bbox 212 843 360 887; x_wconf 87' lang='lat' dir='ltr'>agnovit</span> <span class='ocrx_word' id='word_1_129' title='bbox 378 842 570 877; x_wconf 78' lang='lat' dir='ltr'><strong><em>Tomarum</em></strong></span> <span class='ocrx_word' id='word_1_130' title='bbox 587 844 660 875; x_wconf 80' lang='lat' dir='ltr'>sive</span> <span class='ocrx_word' id='word_1_131' title='bbox 681 841 865 885; x_wconf 77' lang='grc' dir='ltr'>Τηιανυηι,</span> <span class='ocrx_word' id='word_1_132' title='bbox 881 844 1043 875; x_wconf 85' lang='lat' dir='ltr'>montem</span> <span class='ocrx_word' id='word_1_133' title='bbox 1069 853 1182 886; x_wconf 87' lang='lat' dir='ltr'>prope</span> <span class='ocrx_word' id='word_1_134' title='bbox 1199 843 1405 886; x_wconf 84' lang='lat' dir='ltr'>Dodonam,</span> <span class='ocrx_word' id='word_1_135' title='bbox 1421 848 1458 877; x_wconf 89' lang='lat' dir='ltr'>et</span> <span class='ocrx_word' id='word_1_136' title='bbox 1472 855 1539 888; x_wconf 88' lang='lat' dir='ltr'>pro</span> <span class='ocrx_word' id='word_1_137' title='bbox 1556 845 1682 879; x_wconf 92' lang='lat' dir='ltr'>Dodo-</span> 
     </span>
     <span class='ocr_line' id='line_1_14' title="bbox 211 896 1682 945; baseline 0.001 -12"><span class='ocrx_word' id='word_1_138' title='bbox 211 909 294 933; x_wconf 85' lang='lat' dir='ltr'>naeo</span> <span class='ocrx_word' id='word_1_139' title='bbox 315 898 419 938; x_wconf 87' lang='lat' dir='ltr'>Jove,</span> <span class='ocrx_word' id='word_1_140' title='bbox 441 907 490 930; x_wconf 83' lang='lat' dir='ltr'>ex</span> <span class='ocrx_word' id='word_1_141' title='bbox 514 897 635 940; x_wconf 86' lang='lat' dir='ltr'>glossa</span> <span class='ocrx_word' id='word_1_142' title='bbox 650 900 748 938; x_wconf 83' lang='lat' dir='ltr'>nato,</span> <span class='ocrx_word' id='word_1_143' title='bbox 772 896 957 930; x_wconf 84' lang='lat' dir='ltr'>Tmarium</span> <span class='ocrx_word' id='word_1_144' title='bbox 978 896 1100 930; x_wconf 82' lang='lat' dir='ltr'>Jovem</span> <span class='ocrx_word' id='word_1_145' title='bbox 1125 896 1370 942; x_wconf 75' lang='lat' dir='ltr'>(Hesychiusz</span> <span class='ocrx_word' id='word_1_146' title='bbox 1396 901 1548 945; x_wconf 81' lang='grc' dir='ltr'>Τμὰριος·</span> <span class='ocrx_word' id='word_1_147' title='bbox 1567 901 1584 934; x_wconf 85' lang='grc' dir='ltr'><strong>ὁ</strong></span> <span class='ocrx_word' id='word_1_148' title='bbox 1602 903 1682 940; x_wconf 71' lang='grc' dir='ltr'>Ζεὺς</span> 
     </span>
     <span class='ocr_line' id='line_1_15' title="bbox 212 951 1679 998; baseline 0.001 -11"><span class='ocrx_word' id='word_1_149' title='bbox 212 956 230 988; x_wconf 85' lang='grc' dir='ltr'><strong>ὁ</strong></span> <span class='ocrx_word' id='word_1_150' title='bbox 248 951 460 997; x_wconf 80' lang='grc' dir='ltr'>Δωδωναῖος)</span> <span class='ocrx_word' id='word_1_151' title='bbox 475 952 534 985; x_wconf 88' lang='lat' dir='ltr'>hic</span> <span class='ocrx_word' id='word_1_152' title='bbox 552 962 573 984; x_wconf 87' lang='lat' dir='ltr'>a</span> <span class='ocrx_word' id='word_1_153' title='bbox 589 952 764 996; x_wconf 83' lang='lat' dir='ltr'>propbeta</span> <span class='ocrx_word' id='word_1_154' title='bbox 780 951 1006 985; x_wconf 77' lang='lat' dir='ltr'>nominatum</span> <span class='ocrx_word' id='word_1_155' title='bbox 1024 963 1114 992; x_wconf 84' lang='lat' dir='ltr'>esse,</span> <span class='ocrx_word' id='word_1_156' title='bbox 1142 952 1245 986; x_wconf 76' lang='lat' dir='ltr'>facile</span> <span class='ocrx_word' id='word_1_157' title='bbox 1274 953 1361 986; x_wconf 88' lang='lat' dir='ltr'>mihi</span> <span class='ocrx_word' id='word_1_158' title='bbox 1384 954 1574 998; x_wconf 77' lang='lat' dir='ltr'>persuasit.</span> <span class='ocrx_word' id='word_1_159' title='bbox 1618 955 1679 988; x_wconf 91' lang='lat' dir='ltr'>Ad</span> 
     </span>
     <span class='ocr_line' id='line_1_16' title="bbox 212 1007 1685 1053; baseline 0.001 -12"><span class='ocrx_word' id='word_1_160' title='bbox 212 1011 334 1052; x_wconf 82' lang='lat' dir='ltr'>partes</span> <span class='ocrx_word' id='word_1_161' title='bbox 356 1007 542 1040; x_wconf 75' lang='lat' dir='ltr'>vocandus</span> <span class='ocrx_word' id='word_1_162' title='bbox 568 1010 645 1040; x_wconf 83' lang='lat' dir='ltr'>erat</span> <span class='ocrx_word' id='word_1_163' title='bbox 666 1007 760 1041; x_wconf 90' lang='lat' dir='ltr'>Cod.</span> <span class='ocrx_word' id='word_1_164' title='bbox 781 1007 886 1049; x_wconf 90' lang='lat' dir='ltr'><strong>Bav.‚</strong></span> <span class='ocrx_word' id='word_1_165' title='bbox 907 1007 1058 1051; x_wconf 80' lang='lat' dir='ltr'>ejusque</span> <span class='ocrx_word' id='word_1_166' title='bbox 1077 1007 1256 1051; x_wconf 79' lang='lat' dir='ltr'>scriptura</span> <span class='ocrx_word' id='word_1_167' title='bbox 1273 1013 1342 1042; x_wconf 84' lang='grc' dir='ltr'>τῶν</span> <span class='ocrx_word' id='word_1_168' title='bbox 1359 1009 1563 1043; x_wconf 89' lang='lat' dir='ltr'>divellenda</span> <span class='ocrx_word' id='word_1_169' title='bbox 1579 1009 1616 1043; x_wconf 91' lang='lat' dir='ltr'>in</span> <span class='ocrx_word' id='word_1_170' title='bbox 1633 1013 1685 1053; x_wconf 71' lang='grc' dir='ltr'>τῷ</span> 
     </span>
     <span class='ocr_line' id='line_1_17' title="bbox 211 1061 1265 1107; baseline -0.001 -10"><span class='ocrx_word' id='word_1_171' title='bbox 211 1065 260 1105; x_wconf 79' lang='grc' dir='ltr'>ἐν,</span> <span class='ocrx_word' id='word_1_172' title='bbox 277 1062 375 1097; x_wconf 90' lang='lat' dir='ltr'>unde</span> <span class='ocrx_word' id='word_1_173' title='bbox 391 1062 529 1105; x_wconf 87' lang='lat' dir='ltr'>optima</span> <span class='ocrx_word' id='word_1_174' title='bbox 545 1061 686 1095; x_wconf 83' lang='lat' dir='ltr'>exstitit</span> <span class='ocrx_word' id='word_1_175' title='bbox 702 1062 828 1096; x_wconf 89' lang='lat' dir='ltr'>lectio:</span> <span class='ocrx_word' id='word_1_176' title='bbox 856 1066 905 1106; x_wconf 74' lang='grc' dir='ltr'>τῷ</span> <span class='ocrx_word' id='word_1_177' title='bbox 922 1065 974 1095; x_wconf 79' lang='grc' dir='ltr'>Διῒ</span> <span class='ocrx_word' id='word_1_178' title='bbox 990 1065 1038 1105; x_wconf 74' lang='grc' dir='ltr'>τῷ</span> <span class='ocrx_word' id='word_1_179' title='bbox 1059 1064 1095 1095; x_wconf 84' lang='grc' dir='ltr'>ὲν</span> <span class='ocrx_word' id='word_1_180' title='bbox 1116 1064 1265 1107; x_wconf 76' lang='grc' dir='ltr'>Τομάρῳ.</span> 
     </span>
    </p>

    <p class='ocr_par' dir='ltr' id='par_1_3' title="bbox 207 1115 1687 2921">
     <span class='ocr_line' id='line_1_18' title="bbox 262 1115 1681 1160; baseline 0.002 -10"><span class='ocrx_word' id='word_1_181' title='bbox 262 1116 335 1151; x_wconf 80' lang='lat' dir='ltr'>Sed</span> <span class='ocrx_word' id='word_1_182' title='bbox 353 1116 441 1160; x_wconf 92' lang='lat' dir='ltr'>quid</span> <span class='ocrx_word' id='word_1_183' title='bbox 457 1116 632 1149; x_wconf 83' lang='lat' dir='ltr'>faciemus</span> <span class='ocrx_word' id='word_1_184' title='bbox 648 1115 744 1149; x_wconf 89' lang='lat' dir='ltr'>hisce</span> <span class='ocrx_word' id='word_1_185' title='bbox 762 1115 905 1149; x_wconf 69' lang='lat' dir='ltr'>bubus?</span> <span class='ocrx_word' id='word_1_186' title='bbox 930 1116 1202 1150; x_wconf 69' lang='lat' dir='ltr'>Mactabimus‘e</span> <span class='ocrx_word' id='word_1_187' title='bbox 1227 1119 1438 1152; x_wconf 74' lang='lat' dir='ltr'>mittemus?</span> <span class='ocrx_word' id='word_1_188' title='bbox 1463 1119 1681 1153; x_wconf 82' lang='lat' dir='ltr'>donabimus</span> 
     </span>
     <span class='ocr_line' id='line_1_19' title="bbox 213 1170 1683 1215; baseline 0.002 -10"><span class='ocrx_word' id='word_1_189' title='bbox 213 1171 367 1205; x_wconf 71' lang='lat' dir='ltr'>—Jovi2</span> <span class='ocrx_word' id='word_1_190' title='bbox 395 1171 595 1205; x_wconf 84' lang='lat' dir='ltr'>Oraculum</span> <span class='ocrx_word' id='word_1_191' title='bbox 613 1170 708 1204; x_wconf 89' lang='lat' dir='ltr'>enim</span> <span class='ocrx_word' id='word_1_192' title='bbox 723 1171 859 1214; x_wconf 90' lang='lat' dir='ltr'>ipsum,</span> <span class='ocrx_word' id='word_1_193' title='bbox 885 1174 927 1204; x_wconf 87' lang='lat' dir='ltr'>ut</span> <span class='ocrx_word' id='word_1_194' title='bbox 944 1171 1052 1215; x_wconf 86' lang='lat' dir='ltr'>vulgo</span> <span class='ocrx_word' id='word_1_195' title='bbox 1069 1176 1154 1207; x_wconf 87' lang='lat' dir='ltr'>sunt</span> <span class='ocrx_word' id='word_1_196' title='bbox 1177 1173 1296 1215; x_wconf 81' lang='lat' dir='ltr'>verba,</span> <span class='ocrx_word' id='word_1_197' title='bbox 1313 1174 1401 1207; x_wconf 90' lang='lat' dir='ltr'>nihil</span> <span class='ocrx_word' id='word_1_198' title='bbox 1420 1174 1558 1215; x_wconf 88' lang='lat' dir='ltr'>definit,</span> <span class='ocrx_word' id='word_1_199' title='bbox 1575 1178 1614 1208; x_wconf 88' lang='lat' dir='ltr'>et</span> <span class='ocrx_word' id='word_1_200' title='bbox 1626 1170 1683 1208; x_wconf 80' lang='lat' dir='ltr'>in-</span> 
     </span>
     <span class='ocr_line' id='line_1_20' title="bbox 211 1225 1685 1273; baseline 0.001 -12"><span class='ocrx_word' id='word_1_201' title='bbox 211 1227 392 1261; x_wconf 87' lang='lat' dir='ltr'>finitivum</span> <span class='ocrx_word' id='word_1_202' title='bbox 418 1225 613 1259; x_wconf 85' lang='lat' dir='ltr'>desiderari</span> <span class='ocrx_word' id='word_1_203' title='bbox 636 1228 720 1259; x_wconf 83' lang='lat' dir='ltr'>ante</span> <span class='ocrx_word' id='word_1_204' title='bbox 737 1230 786 1270; x_wconf 76' lang='grc' dir='ltr'>τῷ</span> <span class='ocrx_word' id='word_1_205' title='bbox 802 1229 854 1260; x_wconf 79' lang='grc' dir='ltr'>Διῒ</span> <span class='ocrx_word' id='word_1_206' title='bbox 878 1226 1032 1270; x_wconf 85' lang='lat' dir='ltr'>quilibet</span> <span class='ocrx_word' id='word_1_207' title='bbox 1047 1227 1158 1261; x_wconf 87' lang='lat' dir='ltr'>videt.</span> <span class='ocrx_word' id='word_1_208' title='bbox 1208 1229 1302 1261; x_wconf 78' lang='lat' dir='ltr'>Sunt</span> <span class='ocrx_word' id='word_1_209' title='bbox 1326 1229 1390 1273; x_wconf 90' lang='lat' dir='ltr'>qui</span> <span class='ocrx_word' id='word_1_210' title='bbox 1408 1229 1613 1273; x_wconf 88' lang='lat' dir='ltr'>subjectum</span> <span class='ocrx_word' id='word_1_211' title='bbox 1632 1229 1685 1263; x_wconf 85' lang='lat' dir='ltr'>fa-</span> 
     </span>
     <span class='ocr_line' id='line_1_21' title="bbox 212 1281 1684 1330; baseline 0.003 -14"><span class='ocrx_word' id='word_1_212' title='bbox 212 1283 311 1317; x_wconf 84' lang='lat' dir='ltr'>ciant</span> <span class='ocrx_word' id='word_1_213' title='bbox 326 1284 481 1326; x_wconf 65' lang='lat' dir='ltr'>&amp;5009on</span> <span class='ocrx_word' id='word_1_214' title='bbox 506 1282 650 1326; x_wconf 79' lang='grc' dir='ltr'>πέμπειν</span> <span class='ocrx_word' id='word_1_215' title='bbox 667 1281 712 1314; x_wconf 85' lang='lat' dir='ltr'>ad</span> <span class='ocrx_word' id='word_1_216' title='bbox 730 1281 840 1315; x_wconf 84' lang='lat' dir='ltr'>boves</span> <span class='ocrx_word' id='word_1_217' title='bbox 857 1281 1047 1327; x_wconf 76' lang='lat' dir='ltr'>pertinere,</span> <span class='ocrx_word' id='word_1_218' title='bbox 1073 1285 1110 1315; x_wconf 76' lang='lat' dir='ltr'>et</span> <span class='ocrx_word' id='word_1_219' title='bbox 1130 1283 1238 1317; x_wconf 85' lang='lat' dir='ltr'>verba</span> <span class='ocrx_word' id='word_1_220' title='bbox 1254 1286 1309 1317; x_wconf 87' lang='grc' dir='ltr'>καὶ</span> <span class='ocrx_word' id='word_1_221' title='bbox 1326 1286 1466 1326; x_wconf 80' lang='grc' dir='ltr'>τούτους</span> <span class='ocrx_word' id='word_1_222' title='bbox 1481 1286 1534 1319; x_wconf 83' lang='grc' dir='ltr'>διὰ</span> <span class='ocrx_word' id='word_1_223' title='bbox 1551 1285 1684 1330; x_wconf 83' lang='grc' dir='ltr'>ταχέων</span> 
     </span>
     <span class='ocr_line' id='line_1_22' title="bbox 212 1335 1682 1383; baseline 0.002 -12"><span class='ocrx_word' id='word_1_224' title='bbox 212 1348 276 1383; x_wconf 89' lang='lat' dir='ltr'>per</span> <span class='ocrx_word' id='word_1_225' title='bbox 292 1336 521 1381; x_wconf 73' lang='lat' dir='ltr'>parenthesin</span> <span class='ocrx_word' id='word_1_226' title='bbox 536 1336 634 1370; x_wconf 88' lang='lat' dir='ltr'>dicta</span> <span class='ocrx_word' id='word_1_227' title='bbox 650 1335 811 1369; x_wconf 87' lang='lat' dir='ltr'>credant.</span> <span class='ocrx_word' id='word_1_228' title='bbox 865 1337 1080 1380; x_wconf 82' lang='lat' dir='ltr'>Perperam:</span> <span class='ocrx_word' id='word_1_229' title='bbox 1105 1340 1222 1382; x_wconf 67' lang='grc' dir='ltr'>θεωροὶ</span> <span class='ocrx_word' id='word_1_230' title='bbox 1241 1339 1337 1372; x_wconf 89' lang='lat' dir='ltr'>enim</span> <span class='ocrx_word' id='word_1_231' title='bbox 1352 1351 1425 1373; x_wconf 90' lang='lat' dir='ltr'>non</span> <span class='ocrx_word' id='word_1_232' title='bbox 1441 1341 1603 1382; x_wconf 85' lang='lat' dir='ltr'>mittunt,</span> <span class='ocrx_word' id='word_1_233' title='bbox 1620 1342 1682 1375; x_wconf 80' lang='lat' dir='ltr'>sed</span> 
     </span>
     <span class='ocr_line' id='line_1_23' title="bbox 214 1391 1684 1438; baseline 0.002 -12"><span class='ocrx_word' id='word_1_234' title='bbox 214 1403 337 1426; x_wconf 89' lang='lat' dir='ltr'>secum</span> <span class='ocrx_word' id='word_1_235' title='bbox 356 1392 495 1425; x_wconf 91' lang='lat' dir='ltr'>ducunt</span> <span class='ocrx_word' id='word_1_236' title='bbox 508 1391 685 1425; x_wconf 88' lang='lat' dir='ltr'>victimas.</span> <span class='ocrx_word' id='word_1_237' title='bbox 727 1391 801 1425; x_wconf 92' lang='lat' dir='ltr'>Alii</span> <span class='ocrx_word' id='word_1_238' title='bbox 818 1391 983 1425; x_wconf 87' lang='lat' dir='ltr'>inserunt</span> <span class='ocrx_word' id='word_1_239' title='bbox 999 1393 1100 1426; x_wconf 83' lang='grc' dir='ltr'>θύειν.</span> <span class='ocrx_word' id='word_1_240' title='bbox 1143 1393 1252 1437; x_wconf 84' lang='lat' dir='ltr'>Mihi,</span> <span class='ocrx_word' id='word_1_241' title='bbox 1267 1397 1309 1427; x_wconf 88' lang='lat' dir='ltr'>ut</span> <span class='ocrx_word' id='word_1_242' title='bbox 1322 1406 1448 1429; x_wconf 80' lang='lat' dir='ltr'>verum</span> <span class='ocrx_word' id='word_1_243' title='bbox 1466 1395 1589 1438; x_wconf 85' lang='lat' dir='ltr'>fatear,</span> <span class='ocrx_word' id='word_1_244' title='bbox 1605 1399 1684 1429; x_wconf 84' lang='lat' dir='ltr'>tota</span> 
     </span>
     <span class='ocr_line' id='line_1_24' title="bbox 212 1449 1684 1496; baseline 0.001 -11"><span class='ocrx_word' id='word_1_245' title='bbox 212 1451 276 1485; x_wconf 84' lang='lat' dir='ltr'>illa</span> <span class='ocrx_word' id='word_1_246' title='bbox 292 1449 511 1484; x_wconf 80' lang='lat' dir='ltr'>admonitio:</span> <span class='ocrx_word' id='word_1_247' title='bbox 539 1452 593 1483; x_wconf 82' lang='grc' dir='ltr'>καὶ</span> <span class='ocrx_word' id='word_1_248' title='bbox 610 1450 751 1488; x_wconf 84' lang='grc' dir='ltr'>τούτους</span> <span class='ocrx_word' id='word_1_249' title='bbox 770 1449 823 1482; x_wconf 73' lang='grc' dir='ltr'>διὰ</span> <span class='ocrx_word' id='word_1_250' title='bbox 845 1449 989 1492; x_wconf 79' lang='grc' dir='ltr'>ταχέων,</span> <span class='ocrx_word' id='word_1_251' title='bbox 1007 1459 1053 1482; x_wconf 88' lang='lat' dir='ltr'>ne</span> <span class='ocrx_word' id='word_1_252' title='bbox 1071 1450 1189 1483; x_wconf 89' lang='lat' dir='ltr'>dicam</span> <span class='ocrx_word' id='word_1_253' title='bbox 1206 1451 1343 1495; x_wconf 84' lang='lat' dir='ltr'>inepta,</span> <span class='ocrx_word' id='word_1_254' title='bbox 1362 1454 1459 1486; x_wconf 89' lang='lat' dir='ltr'>certe</span> <span class='ocrx_word' id='word_1_255' title='bbox 1481 1462 1590 1496; x_wconf 89' lang='lat' dir='ltr'>quam</span> <span class='ocrx_word' id='word_1_256' title='bbox 1607 1462 1684 1485; x_wconf 91' lang='lat' dir='ltr'>ma-</span> 
     </span>
     <span class='ocr_line' id='line_1_25' title="bbox 213 1504 1684 1552; baseline 0.002 -13"><span class='ocrx_word' id='word_1_257' title='bbox 213 1505 315 1540; x_wconf 77' lang='lat' dir='ltr'>xime</span> <span class='ocrx_word' id='word_1_258' title='bbox 336 1506 543 1548; x_wconf 87' lang='lat' dir='ltr'>importuna</span> <span class='ocrx_word' id='word_1_259' title='bbox 559 1505 636 1537; x_wconf 76' lang='lat' dir='ltr'>visa</span> <span class='ocrx_word' id='word_1_260' title='bbox 658 1506 724 1538; x_wconf 90' lang='lat' dir='ltr'>est.</span> <span class='ocrx_word' id='word_1_261' title='bbox 775 1504 982 1538; x_wconf 79' lang='lat' dir='ltr'>Famelicus</span> <span class='ocrx_word' id='word_1_262' title='bbox 1004 1504 1113 1538; x_wconf 84' lang='lat' dir='ltr'>fuerit</span> <span class='ocrx_word' id='word_1_263' title='bbox 1128 1505 1282 1550; x_wconf 73' lang='lat' dir='ltr'>Jupiter,</span> <span class='ocrx_word' id='word_1_264' title='bbox 1305 1506 1371 1551; x_wconf 92' lang='lat' dir='ltr'>qui</span> <span class='ocrx_word' id='word_1_265' title='bbox 1389 1507 1586 1541; x_wconf 79' lang='lat' dir='ltr'>adventum</span> <span class='ocrx_word' id='word_1_266' title='bbox 1603 1508 1684 1552; x_wconf 88' lang='lat' dir='ltr'>pin-</span> 
     </span>
     <span class='ocr_line' id='line_1_26' title="bbox 215 1559 1682 1607; baseline 0.003 -14"><span class='ocrx_word' id='word_1_267' title='bbox 215 1561 341 1604; x_wconf 83' lang='lat' dir='ltr'>guium</span> <span class='ocrx_word' id='word_1_268' title='bbox 359 1560 488 1592; x_wconf 92' lang='lat' dir='ltr'>horum</span> <span class='ocrx_word' id='word_1_269' title='bbox 505 1559 629 1599; x_wconf 89' lang='lat' dir='ltr'>boum,</span> <span class='ocrx_word' id='word_1_270' title='bbox 647 1569 803 1603; x_wconf 88' lang='lat' dir='ltr'>quorum</span> <span class='ocrx_word' id='word_1_271' title='bbox 818 1559 943 1593; x_wconf 86' lang='lat' dir='ltr'>nidore</span> <span class='ocrx_word' id='word_1_272' title='bbox 961 1563 1194 1603; x_wconf 88' lang='lat' dir='ltr'>saturaretur,</span> <span class='ocrx_word' id='word_1_273' title='bbox 1208 1561 1337 1605; x_wconf 84' lang='lat' dir='ltr'>operiri</span> <span class='ocrx_word' id='word_1_274' title='bbox 1351 1562 1414 1595; x_wconf 84' lang='lat' dir='ltr'>vix</span> <span class='ocrx_word' id='word_1_275' title='bbox 1431 1563 1572 1607; x_wconf 85' lang='lat' dir='ltr'>posset!</span> <span class='ocrx_word' id='word_1_276' title='bbox 1611 1563 1682 1597; x_wconf 83' lang='lat' dir='ltr'>Sed</span> 
     </span>
     <span class='ocr_line' id='line_1_27' title="bbox 215 1612 1684 1662; baseline 0.001 -13"><span class='ocrx_word' id='word_1_277' title='bbox 215 1620 411 1659; x_wconf 83' lang='lat' dir='ltr'>antequam</span> <span class='ocrx_word' id='word_1_278' title='bbox 431 1612 650 1648; x_wconf 88' lang='lat' dir='ltr'>infinitivum</span> <span class='ocrx_word' id='word_1_279' title='bbox 678 1614 834 1658; x_wconf 86' lang='lat' dir='ltr'>aliquem</span> <span class='ocrx_word' id='word_1_280' title='bbox 858 1623 906 1647; x_wconf 84' lang='lat' dir='ltr'>ex</span> <span class='ocrx_word' id='word_1_281' title='bbox 933 1615 986 1647; x_wconf 77' lang='grc' dir='ltr'>διὰ</span> <span class='ocrx_word' id='word_1_282' title='bbox 1009 1614 1142 1658; x_wconf 82' lang='grc' dir='ltr'>ταχέων</span> <span class='ocrx_word' id='word_1_283' title='bbox 1165 1617 1423 1659; x_wconf 80' lang='lat' dir='ltr'>extundamus,</span> <span class='ocrx_word' id='word_1_284' title='bbox 1446 1617 1684 1662; x_wconf 87' lang='lat' dir='ltr'>inspiciamus</span> 
     </span>
     <span class='ocr_line' id='line_1_28' title="bbox 213 1668 1684 1713; baseline 0.002 -9"><span class='ocrx_word' id='word_1_285' title='bbox 213 1670 350 1704; x_wconf 84' lang='lat' dir='ltr'>variam</span> <span class='ocrx_word' id='word_1_286' title='bbox 371 1668 658 1713; x_wconf 81' lang='lat' dir='ltr'>praecedentium</span> <span class='ocrx_word' id='word_1_287' title='bbox 677 1680 823 1713; x_wconf 89' lang='lat' dir='ltr'>quoque</span> <span class='ocrx_word' id='word_1_288' title='bbox 841 1669 1067 1713; x_wconf 81' lang='lat' dir='ltr'>scripturam.</span> <span class='ocrx_word' id='word_1_289' title='bbox 1118 1670 1298 1706; x_wconf 88' lang='lat' dir='ltr'>Videmus</span> <span class='ocrx_word' id='word_1_290' title='bbox 1315 1672 1385 1713; x_wconf 89' lang='lat' dir='ltr'>hic,</span> <span class='ocrx_word' id='word_1_291' title='bbox 1411 1674 1504 1706; x_wconf 89' lang='lat' dir='ltr'>solos</span> <span class='ocrx_word' id='word_1_292' title='bbox 1527 1673 1684 1707; x_wconf 88' lang='lat' dir='ltr'>Paulum</span> 
     </span>
     <span class='ocr_line' id='line_1_29' title="bbox 214 1724 1684 1773; baseline 0.002 -14"><span class='ocrx_word' id='word_1_293' title='bbox 214 1724 428 1760; x_wconf 76' lang='lat' dir='ltr'>Manutium</span> <span class='ocrx_word' id='word_1_294' title='bbox 446 1726 483 1757; x_wconf 88' lang='lat' dir='ltr'>et</span> <span class='ocrx_word' id='word_1_295' title='bbox 500 1724 694 1758; x_wconf 87' lang='lat' dir='ltr'>Reiskium</span> <span class='ocrx_word' id='word_1_296' title='bbox 711 1724 853 1757; x_wconf 84' lang='lat' dir='ltr'>dedisse</span> <span class='ocrx_word' id='word_1_297' title='bbox 870 1725 1011 1764; x_wconf 81' lang='grc' dir='ltr'>τούτους</span> <span class='ocrx_word' id='word_1_298' title='bbox 1034 1728 1162 1759; x_wconf 74' lang='lat' dir='ltr'>contra</span> <span class='ocrx_word' id='word_1_299' title='bbox 1180 1737 1306 1760; x_wconf 87' lang='lat' dir='ltr'>omnes</span> <span class='ocrx_word' id='word_1_300' title='bbox 1324 1728 1433 1762; x_wconf 83' lang='lat' dir='ltr'><strong>MSS.</strong></span> <span class='ocrx_word' id='word_1_301' title='bbox 1456 1731 1493 1761; x_wconf 86' lang='lat' dir='ltr'>ct</span> <span class='ocrx_word' id='word_1_302' title='bbox 1508 1728 1605 1762; x_wconf 88' lang='lat' dir='ltr'>Edd.</span> <span class='ocrx_word' id='word_1_303' title='bbox 1621 1728 1684 1773; x_wconf 84' lang='lat' dir='ltr'>qui</span> 
     </span>
     <span class='ocr_line' id='line_1_30' title="bbox 211 1780 1685 1826; baseline 0.002 -12"><span class='ocrx_word' id='word_1_304' title='bbox 211 1784 276 1814; x_wconf 84' lang='lat' dir='ltr'>aut</span> <span class='ocrx_word' id='word_1_305' title='bbox 292 1782 413 1814; x_wconf 87' lang='grc' dir='ltr'>τούτου</span> <span class='ocrx_word' id='word_1_306' title='bbox 430 1783 508 1819; x_wconf 88' lang='grc' dir='ltr'>τοὺς</span> <span class='ocrx_word' id='word_1_307' title='bbox 527 1782 592 1814; x_wconf 85' lang='lat' dir='ltr'>aut</span> <span class='ocrx_word' id='word_1_308' title='bbox 607 1781 749 1818; x_wconf 78' lang='grc' dir='ltr'>τούτους</span> <span class='ocrx_word' id='word_1_309' title='bbox 765 1782 843 1819; x_wconf 77' lang='grc' dir='ltr'>τοὺς</span> <span class='ocrx_word' id='word_1_310' title='bbox 865 1780 1051 1814; x_wconf 83' lang='lat' dir='ltr'>exhibent.</span> <span class='ocrx_word' id='word_1_311' title='bbox 1103 1781 1285 1815; x_wconf 73' lang='lat' dir='ltr'>Praecedit</span> <span class='ocrx_word' id='word_1_312' title='bbox 1306 1793 1476 1817; x_wconf 87' lang='lat' dir='ltr'>numerus</span> <span class='ocrx_word' id='word_1_313' title='bbox 1493 1785 1602 1826; x_wconf 80' lang='grc' dir='ltr'>ἐννέα,</span> <span class='ocrx_word' id='word_1_314' title='bbox 1619 1795 1685 1817; x_wconf 89' lang='lat' dir='ltr'>cu-</span> 
     </span>
     <span class='ocr_line' id='line_1_31' title="bbox 207 1834 1685 1882; baseline 0.002 -13"><span class='ocrx_word' id='word_1_315' title='bbox 207 1836 269 1879; x_wconf 89' lang='lat' dir='ltr'>jus</span> <span class='ocrx_word' id='word_1_316' title='bbox 285 1837 460 1869; x_wconf 82' lang='lat' dir='ltr'>rationem</span> <span class='ocrx_word' id='word_1_317' title='bbox 479 1835 584 1868; x_wconf 88' lang='lat' dir='ltr'>velim</span> <span class='ocrx_word' id='word_1_318' title='bbox 601 1845 649 1869; x_wconf 85' lang='lat' dir='ltr'>ex</span> <span class='ocrx_word' id='word_1_319' title='bbox 668 1834 887 1879; x_wconf 87' lang='lat' dir='ltr'>antiquitate</span> <span class='ocrx_word' id='word_1_320' title='bbox 902 1836 1034 1869; x_wconf 87' lang='lat' dir='ltr'>reddat</span> <span class='ocrx_word' id='word_1_321' title='bbox 1052 1835 1195 1880; x_wconf 85' lang='lat' dir='ltr'>aliquis.</span> <span class='ocrx_word' id='word_1_322' title='bbox 1221 1840 1243 1856; x_wconf 80' lang='lat'>‘⁶</span> <span class='ocrx_word' id='word_1_323' title='bbox 1258 1837 1375 1871; x_wconf 88' lang='lat' dir='ltr'>Abest</span> <span class='ocrx_word' id='word_1_324' title='bbox 1390 1837 1583 1882; x_wconf 85' lang='lat' dir='ltr'>is&#39;’(verba</span> <span class='ocrx_word' id='word_1_325' title='bbox 1599 1843 1685 1873; x_wconf 89' lang='lat' dir='ltr'>sunt</span> 
     </span>
     <span class='ocr_line' id='line_1_32' title="bbox 213 1890 1684 1935; baseline 0.001 -10"><span class='ocrx_word' id='word_1_326' title='bbox 213 1891 376 1935; x_wconf 82' lang='lat' dir='ltr'>Taylori)</span> <span class='ocrx_word' id='word_1_327' title='bbox 398 1893 420 1910; x_wconf 88' lang='lat'>“</span> <span class='ocrx_word' id='word_1_328' title='bbox 436 1902 457 1924; x_wconf 85' lang='lat' dir='ltr'>a</span> <span class='ocrx_word' id='word_1_329' title='bbox 472 1891 656 1924; x_wconf 86' lang='lat' dir='ltr'>nonnullis</span> <span class='ocrx_word' id='word_1_330' title='bbox 669 1890 779 1924; x_wconf 85' lang='lat' dir='ltr'><strong>MSS.</strong></span> <span class='ocrx_word' id='word_1_331' title='bbox 799 1893 836 1923; x_wconf 88' lang='lat' dir='ltr'>et</span> <span class='ocrx_word' id='word_1_332' title='bbox 849 1890 901 1924; x_wconf 86' lang='lat' dir='ltr'>vir</span> <span class='ocrx_word' id='word_1_333' title='bbox 916 1890 977 1923; x_wconf 86' lang='lat' dir='ltr'>ille</span> <span class='ocrx_word' id='word_1_334' title='bbox 994 1891 1130 1932; x_wconf 83' lang='lat' dir='ltr'>sollers,</span> <span class='ocrx_word' id='word_1_335' title='bbox 1147 1892 1210 1935; x_wconf 92' lang='lat' dir='ltr'>qui</span> <span class='ocrx_word' id='word_1_336' title='bbox 1228 1891 1398 1926; x_wconf 83' lang='lat' dir='ltr'>Italicum</span> <span class='ocrx_word' id='word_1_337' title='bbox 1417 1893 1582 1927; x_wconf 86' lang='lat' dir='ltr'>codicem</span> <span class='ocrx_word' id='word_1_338' title='bbox 1600 1904 1684 1927; x_wconf 88' lang='lat' dir='ltr'>con-</span> 
     </span>
     <span class='ocr_line' id='line_1_33' title="bbox 213 1945 1683 1991; baseline 0.001 -11"><span class='ocrx_word' id='word_1_339' title='bbox 213 1946 311 1988; x_wconf 90' lang='lat' dir='ltr'>tulit,</span> <span class='ocrx_word' id='word_1_340' title='bbox 336 1946 423 1989; x_wconf 84' lang='lat' dir='ltr'>legit</span> <span class='ocrx_word' id='word_1_341' title='bbox 439 1956 503 1990; x_wconf 91' lang='lat' dir='ltr'>pro</span> <span class='ocrx_word' id='word_1_342' title='bbox 520 1947 631 1986; x_wconf 74' lang='grc' dir='ltr'>ἐννέα,</span> <span class='ocrx_word' id='word_1_343' title='bbox 657 1945 765 1986; x_wconf 80' lang='grc' dir='ltr'>ἕνεκα,</span> <span class='ocrx_word' id='word_1_344' title='bbox 788 1947 879 1989; x_wconf 85' lang='lat' dir='ltr'>puta</span> <span class='ocrx_word' id='word_1_345' title='bbox 894 1947 1029 1990; x_wconf 80' lang='grc' dir='ltr'>θεωρίας</span> <span class='ocrx_word' id='word_1_346' title='bbox 1044 1945 1177 1980; x_wconf 77' lang='grc' dir='ltr'>ἕνεκα.”</span> <span class='ocrx_word' id='word_1_347' title='bbox 1224 1946 1297 1979; x_wconf 90' lang='lat' dir='ltr'>His</span> <span class='ocrx_word' id='word_1_348' title='bbox 1316 1947 1431 1979; x_wconf 88' lang='lat' dir='ltr'>verbis</span> <span class='ocrx_word' id='word_1_349' title='bbox 1448 1947 1534 1991; x_wconf 92' lang='lat' dir='ltr'>quid</span> <span class='ocrx_word' id='word_1_350' title='bbox 1553 1947 1683 1982; x_wconf 83' lang='lat' dir='ltr'>faciam</span> 
     </span>
     <span class='ocr_line' id='line_1_34' title="bbox 212 2001 1684 2044; baseline 0.002 -9"><span class='ocrx_word' id='word_1_351' title='bbox 212 2012 287 2036; x_wconf 91' lang='lat' dir='ltr'>non</span> <span class='ocrx_word' id='word_1_352' title='bbox 303 2001 432 2034; x_wconf 89' lang='lat' dir='ltr'>habeo.</span> <span class='ocrx_word' id='word_1_353' title='bbox 484 2001 589 2035; x_wconf 86' lang='lat' dir='ltr'>Adeo</span> <span class='ocrx_word' id='word_1_354' title='bbox 608 2001 695 2034; x_wconf 88' lang='lat' dir='ltr'>nibil</span> <span class='ocrx_word' id='word_1_355' title='bbox 718 2001 906 2044; x_wconf 86' lang='lat' dir='ltr'>proficitur</span> <span class='ocrx_word' id='word_1_356' title='bbox 932 2001 1000 2034; x_wconf 86' lang='lat' dir='ltr'>hac</span> <span class='ocrx_word' id='word_1_357' title='bbox 1023 2002 1100 2034; x_wconf 85' lang='lat' dir='ltr'>sola</span> <span class='ocrx_word' id='word_1_358' title='bbox 1115 2002 1330 2041; x_wconf 82' lang='lat' dir='ltr'>mutatione,</span> <span class='ocrx_word' id='word_1_359' title='bbox 1357 2004 1398 2034; x_wconf 92' lang='lat' dir='ltr'>ut</span> <span class='ocrx_word' id='word_1_360' title='bbox 1422 2002 1489 2035; x_wconf 87' lang='lat' dir='ltr'>nisi</span> <span class='ocrx_word' id='word_1_361' title='bbox 1505 2003 1541 2036; x_wconf 90' lang='lat' dir='ltr'>iu</span> <span class='ocrx_word' id='word_1_362' title='bbox 1557 2003 1684 2038; x_wconf 86' lang='lat' dir='ltr'>codice</span> 
     </span>
     <span class='ocr_line' id='line_1_35' title="bbox 214 2055 1685 2102; baseline 0.001 -11"><span class='ocrx_word' id='word_1_363' title='bbox 214 2060 358 2100; x_wconf 84' lang='lat' dir='ltr'>reperta</span> <span class='ocrx_word' id='word_1_364' title='bbox 376 2057 433 2097; x_wconf 85' lang='lat' dir='ltr'>sit,</span> <span class='ocrx_word' id='word_1_365' title='bbox 452 2056 616 2089; x_wconf 84' lang='lat' dir='ltr'>annotari</span> <span class='ocrx_word' id='word_1_366' title='bbox 634 2066 655 2088; x_wconf 88' lang='lat' dir='ltr'>a</span> <span class='ocrx_word' id='word_1_367' title='bbox 681 2057 705 2072; x_wconf 91' lang='grc'>“</span> <span class='ocrx_word' id='word_1_368' title='bbox 726 2055 802 2088; x_wconf 85' lang='lat' dir='ltr'>viro</span> <span class='ocrx_word' id='word_1_369' title='bbox 821 2055 977 2088; x_wconf 87' lang='lat' dir='ltr'>sollerti&#39;&#39;</span> <span class='ocrx_word' id='word_1_370' title='bbox 993 2055 1052 2089; x_wconf 82' lang='lat' dir='ltr'>vix</span> <span class='ocrx_word' id='word_1_371' title='bbox 1076 2055 1245 2099; x_wconf 89' lang='lat' dir='ltr'>potuerit.</span> <span class='ocrx_word' id='word_1_372' title='bbox 1297 2056 1480 2100; x_wconf 80' lang='lat' dir='ltr'>Quicquid</span> <span class='ocrx_word' id='word_1_373' title='bbox 1503 2061 1577 2100; x_wconf 89' lang='lat' dir='ltr'>est;</span> <span class='ocrx_word' id='word_1_374' title='bbox 1604 2058 1685 2102; x_wconf 79' lang='lat' dir='ltr'>eJus</span> 
     </span>
     <span class='ocr_line' id='line_1_36' title="bbox 215 2110 1687 2154; baseline 0.003 -10"><span class='ocrx_word' id='word_1_375' title='bbox 215 2115 340 2145; x_wconf 85' lang='lat' dir='ltr'>tamen</span> <span class='ocrx_word' id='word_1_376' title='bbox 358 2120 425 2154; x_wconf 85' lang='lat' dir='ltr'>ope</span> <span class='ocrx_word' id='word_1_377' title='bbox 442 2111 477 2143; x_wconf 91' lang='lat' dir='ltr'>in</span> <span class='ocrx_word' id='word_1_378' title='bbox 489 2120 611 2143; x_wconf 83' lang='lat' dir='ltr'>veram</span> <span class='ocrx_word' id='word_1_379' title='bbox 625 2110 735 2153; x_wconf 88' lang='lat' dir='ltr'>hujus</span> <span class='ocrx_word' id='word_1_380' title='bbox 749 2110 818 2142; x_wconf 88' lang='lat' dir='ltr'>loci</span> <span class='ocrx_word' id='word_1_381' title='bbox 831 2110 1044 2143; x_wconf 87' lang='lat' dir='ltr'>restituendi</span> <span class='ocrx_word' id='word_1_382' title='bbox 1058 2111 1233 2144; x_wconf 77' lang='lat' dir='ltr'>rationem</span> <span class='ocrx_word' id='word_1_383' title='bbox 1247 2110 1437 2145; x_wconf 87' lang='lat' dir='ltr'>devenisse</span> <span class='ocrx_word' id='word_1_384' title='bbox 1454 2113 1542 2146; x_wconf 82' lang='lat' dir='ltr'>mihi</span> <span class='ocrx_word' id='word_1_385' title='bbox 1553 2113 1687 2149; x_wconf 86' lang='lat' dir='ltr'>videor.</span> 
     </span>
     <span class='ocr_line' id='line_1_37' title="bbox 215 2164 1686 2209; baseline 0.003 -10"><span class='ocrx_word' id='word_1_386' title='bbox 215 2166 363 2200; x_wconf 88' lang='lat' dir='ltr'>Scilicet</span> <span class='ocrx_word' id='word_1_387' title='bbox 388 2165 592 2199; x_wconf 79' lang='lat' dir='ltr'>revocanda</span> <span class='ocrx_word' id='word_1_388' title='bbox 618 2165 768 2208; x_wconf 85' lang='lat' dir='ltr'>antiqua</span> <span class='ocrx_word' id='word_1_389' title='bbox 792 2164 899 2197; x_wconf 86' lang='lat' dir='ltr'>lectio</span> <span class='ocrx_word' id='word_1_390' title='bbox 926 2165 1048 2198; x_wconf 86' lang='grc' dir='ltr'>τούτου</span> <span class='ocrx_word' id='word_1_391' title='bbox 1072 2169 1160 2207; x_wconf 78' lang='grc' dir='ltr'>τοὺς,</span> <span class='ocrx_word' id='word_1_392' title='bbox 1189 2176 1344 2209; x_wconf 86' lang='lat' dir='ltr'>quarum</span> <span class='ocrx_word' id='word_1_393' title='bbox 1361 2177 1492 2201; x_wconf 84' lang='lat' dir='ltr'>vocum</span> <span class='ocrx_word' id='word_1_394' title='bbox 1510 2169 1623 2202; x_wconf 78' lang='lat' dir='ltr'>altera</span> <span class='ocrx_word' id='word_1_395' title='bbox 1639 2170 1686 2203; x_wconf 85' lang='lat' dir='ltr'>ad</span> 
     </span>
     <span class='ocr_line' id='line_1_38' title="bbox 217 2218 1685 2267; baseline 0.003 -13"><span class='ocrx_word' id='word_1_396' title='bbox 217 2218 407 2264; x_wconf 79' lang='lat' dir='ltr'>sequentia</span> <span class='ocrx_word' id='word_1_397' title='bbox 423 2219 610 2259; x_wconf 82' lang='lat' dir='ltr'>trahenda,</span> <span class='ocrx_word' id='word_1_398' title='bbox 625 2220 739 2252; x_wconf 82' lang='lat' dir='ltr'>altera</span> <span class='ocrx_word' id='word_1_399' title='bbox 753 2218 1009 2262; x_wconf 83' lang='lat' dir='ltr'>conjungenda</span> <span class='ocrx_word' id='word_1_400' title='bbox 1024 2223 1080 2252; x_wconf 88' lang='lat' dir='ltr'>est</span> <span class='ocrx_word' id='word_1_401' title='bbox 1092 2230 1176 2253; x_wconf 90' lang='lat' dir='ltr'>cum</span> <span class='ocrx_word' id='word_1_402' title='bbox 1193 2221 1308 2260; x_wconf 71' lang='grc' dir='ltr'>ἱ’νεκα;</span> <span class='ocrx_word' id='word_1_403' title='bbox 1324 2221 1375 2254; x_wconf 87' lang='lat' dir='ltr'>sic</span> <span class='ocrx_word' id='word_1_404' title='bbox 1392 2222 1487 2255; x_wconf 88' lang='lat' dir='ltr'>enim</span> <span class='ocrx_word' id='word_1_405' title='bbox 1505 2223 1598 2267; x_wconf 76' lang='lat' dir='ltr'>lego,</span> <span class='ocrx_word' id='word_1_406' title='bbox 1611 2234 1685 2258; x_wconf 89' lang='lat' dir='ltr'>non</span> 
     </span>
     <span class='ocr_line' id='line_1_39' title="bbox 216 2273 1684 2319; baseline 0.003 -11"><span class='ocrx_word' id='word_1_407' title='bbox 216 2286 281 2319; x_wconf 89' lang='lat' dir='ltr'>pro</span> <span class='ocrx_word' id='word_1_408' title='bbox 297 2275 405 2314; x_wconf 80' lang='grc' dir='ltr'>ἐννέα,</span> <span class='ocrx_word' id='word_1_409' title='bbox 422 2274 484 2307; x_wconf 81' lang='lat' dir='ltr'>sed</span> <span class='ocrx_word' id='word_1_410' title='bbox 503 2285 566 2318; x_wconf 87' lang='lat' dir='ltr'>pro</span> <span class='ocrx_word' id='word_1_411' title='bbox 583 2275 681 2306; x_wconf 80' lang='grc' dir='ltr'>ἐννέα</span> <span class='ocrx_word' id='word_1_412' title='bbox 696 2275 763 2313; x_wconf 80' lang='grc' dir='ltr'>καὶ,</span> <span class='ocrx_word' id='word_1_413' title='bbox 780 2274 878 2316; x_wconf 89' lang='lat' dir='ltr'>quod</span> <span class='ocrx_word' id='word_1_414' title='bbox 895 2282 943 2306; x_wconf 85' lang='lat' dir='ltr'>ex</span> <span class='ocrx_word' id='word_1_415' title='bbox 960 2273 1053 2306; x_wconf 83' lang='lat' dir='ltr'>male</span> <span class='ocrx_word' id='word_1_416' title='bbox 1071 2274 1214 2307; x_wconf 85' lang='lat' dir='ltr'>divulsa</span> <span class='ocrx_word' id='word_1_417' title='bbox 1230 2276 1291 2308; x_wconf 78' lang='lat' dir='ltr'>illa</span> <span class='ocrx_word' id='word_1_418' title='bbox 1305 2286 1396 2309; x_wconf 77' lang='lat' dir='ltr'>voce</span> <span class='ocrx_word' id='word_1_419' title='bbox 1412 2280 1539 2310; x_wconf 87' lang='lat' dir='ltr'>natum</span> <span class='ocrx_word' id='word_1_420' title='bbox 1555 2278 1684 2313; x_wconf 85' lang='lat' dir='ltr'>credo:</span> 
     </span>
     <span class='ocr_line' id='line_1_40' title="bbox 217 2327 1687 2375; baseline 0.002 -12"><span class='ocrx_word' id='word_1_421' title='bbox 217 2331 312 2363; x_wconf 77' lang='grc' dir='ltr'>ἕνεκα</span> <span class='ocrx_word' id='word_1_422' title='bbox 328 2331 447 2363; x_wconf 80' lang='grc' dir='ltr'>τούτου</span> <span class='ocrx_word' id='word_1_423' title='bbox 465 2335 612 2374; x_wconf 82' lang='lat' dir='ltr'>propter</span> <span class='ocrx_word' id='word_1_424' title='bbox 629 2327 692 2362; x_wconf 83' lang='grc' dir='ltr'>Ιιοε</span> <span class='ocrx_word' id='word_1_425' title='bbox 709 2338 759 2361; x_wconf 85' lang='lat' dir='ltr'>sc.</span> <span class='ocrx_word' id='word_1_426' title='bbox 780 2330 983 2371; x_wconf 84' lang='lat' dir='ltr'>peccatum,</span> <span class='ocrx_word' id='word_1_427' title='bbox 1002 2328 1100 2372; x_wconf 91' lang='lat' dir='ltr'>quod</span> <span class='ocrx_word' id='word_1_428' title='bbox 1118 2331 1263 2374; x_wconf 86' lang='lat' dir='ltr'>tempus</span> <span class='ocrx_word' id='word_1_429' title='bbox 1280 2340 1466 2365; x_wconf 86' lang='lat' dir='ltr'>sacrorum</span> <span class='ocrx_word' id='word_1_430' title='bbox 1486 2333 1687 2375; x_wconf 84' lang='lat' dir='ltr'>praetermi-</span> 
     </span>
     <span class='ocr_line' id='line_1_41' title="bbox 218 2384 1687 2430; baseline 0.001 -11"><span class='ocrx_word' id='word_1_431' title='bbox 218 2386 323 2419; x_wconf 88' lang='lat' dir='ltr'>sistis.</span> <span class='ocrx_word' id='word_1_432' title='bbox 372 2385 442 2418; x_wconf 79' lang='lat' dir='ltr'>Sed</span> <span class='ocrx_word' id='word_1_433' title='bbox 461 2384 532 2417; x_wconf 90' lang='lat' dir='ltr'>huc</span> <span class='ocrx_word' id='word_1_434' title='bbox 550 2395 636 2417; x_wconf 84' lang='lat' dir='ltr'>mox</span> <span class='ocrx_word' id='word_1_435' title='bbox 654 2393 856 2417; x_wconf 88' lang='lat' dir='ltr'>recurram:</span> <span class='ocrx_word' id='word_1_436' title='bbox 883 2393 980 2417; x_wconf 89' lang='lat' dir='ltr'>nunc</span> <span class='ocrx_word' id='word_1_437' title='bbox 997 2385 1188 2428; x_wconf 83' lang='lat' dir='ltr'>sequeutia</span> <span class='ocrx_word' id='word_1_438' title='bbox 1204 2386 1509 2430; x_wconf 85' lang='lat' dir='ltr'>contemplemur.</span> <span class='ocrx_word' id='word_1_439' title='bbox 1552 2387 1687 2421; x_wconf 86' lang='lat' dir='ltr'>Rema-</span> 
     </span>
     <span class='ocr_line' id='line_1_42' title="bbox 215 2438 1687 2484; baseline 0.002 -10"><span class='ocrx_word' id='word_1_440' title='bbox 215 2443 306 2474; x_wconf 87' lang='lat' dir='ltr'>nent</span> <span class='ocrx_word' id='word_1_441' title='bbox 322 2439 511 2484; x_wconf 74' lang='lat' dir='ltr'>posthanc</span> <span class='ocrx_word' id='word_1_442' title='bbox 530 2450 645 2472; x_wconf 77' lang='lat' dir='ltr'>incarn</span> <span class='ocrx_word' id='word_1_443' title='bbox 670 2438 959 2483; x_wconf 69' lang='lat' dir='ltr'>praecedentium</span> <span class='ocrx_word' id='word_1_444' title='bbox 984 2441 1281 2475; x_wconf 89' lang='lat' dir='ltr'>constitutionem</span> <span class='ocrx_word' id='word_1_445' title='bbox 1303 2442 1434 2476; x_wconf 82' lang='lat' dir='ltr'>verba:</span> <span class='ocrx_word' id='word_1_446' title='bbox 1461 2445 1539 2482; x_wconf 74' lang='grc' dir='ltr'>τοὺς</span> <span class='ocrx_word' id='word_1_447' title='bbox 1556 2444 1608 2477; x_wconf 77' lang='grc' dir='ltr'>διὰ</span> <span class='ocrx_word' id='word_1_448' title='bbox 1628 2458 1687 2478; x_wconf 87' lang='grc' dir='ltr'>τα-</span> 
     </span>
     <span class='ocr_line' id='line_1_43' title="bbox 219 2493 1685 2541; baseline 0.003 -12"><span class='ocrx_word' id='word_1_449' title='bbox 219 2497 327 2539; x_wconf 61' lang='lat' dir='ltr'>xit-2113</span> <span class='ocrx_word' id='word_1_450' title='bbox 352 2494 431 2528; x_wconf 85' lang='lat' dir='ltr'>haec</span> <span class='ocrx_word' id='word_1_451' title='bbox 448 2504 496 2527; x_wconf 79' lang='lat' dir='ltr'>ex</span> <span class='ocrx_word' id='word_1_452' title='bbox 513 2493 733 2537; x_wconf 88' lang='lat' dir='ltr'>conjectura,</span> <span class='ocrx_word' id='word_1_453' title='bbox 753 2494 806 2527; x_wconf 91' lang='lat' dir='ltr'>uti</span> <span class='ocrx_word' id='word_1_454' title='bbox 823 2494 909 2528; x_wconf 90' lang='lat' dir='ltr'>mihi</span> <span class='ocrx_word' id='word_1_455' title='bbox 925 2495 1073 2539; x_wconf 90' lang='lat' dir='ltr'>quidem</span> <span class='ocrx_word' id='word_1_456' title='bbox 1090 2495 1243 2539; x_wconf 64' lang='lat' dir='ltr'>videtur,</span> <span class='ocrx_word' id='word_1_457' title='bbox 1266 2498 1351 2530; x_wconf 87' lang='lat' dir='ltr'>satis</span> <span class='ocrx_word' id='word_1_458' title='bbox 1366 2497 1557 2541; x_wconf 84' lang='lat' dir='ltr'>probabili,</span> <span class='ocrx_word' id='word_1_459' title='bbox 1581 2504 1685 2534; x_wconf 89' lang='lat' dir='ltr'>muto</span> 
     </span>
     <span class='ocr_line' id='line_1_44' title="bbox 218 2550 1686 2596; baseline 0.001 -10"><span class='ocrx_word' id='word_1_460' title='bbox 218 2551 258 2585; x_wconf 86' lang='lat' dir='ltr'>in</span> <span class='ocrx_word' id='word_1_461' title='bbox 274 2554 352 2590; x_wconf 83' lang='grc' dir='ltr'>τοὺς</span> <span class='ocrx_word' id='word_1_462' title='bbox 374 2551 405 2583; x_wconf 80' lang='grc' dir='ltr'>δὲ</span> <span class='ocrx_word' id='word_1_463' title='bbox 422 2550 706 2593; x_wconf 67' lang='grc' dir='ltr'>ἁπάγειν-τρεῖς</span> <span class='ocrx_word' id='word_1_464' title='bbox 719 2551 802 2591; x_wconf 80' lang='grc' dir='ltr'>βοῦς</span> <span class='ocrx_word' id='word_1_465' title='bbox 818 2550 884 2583; x_wconf 64' lang='grc' dir='ltr'>διο.</span> <span class='ocrx_word' id='word_1_466' title='bbox 927 2550 1067 2590; x_wconf 84' lang='lat' dir='ltr'>Quodsi</span> <span class='ocrx_word' id='word_1_467' title='bbox 1084 2552 1164 2595; x_wconf 90' lang='lat' dir='ltr'>quis</span> <span class='ocrx_word' id='word_1_468' title='bbox 1182 2552 1227 2585; x_wconf 88' lang='lat' dir='ltr'>de</span> <span class='ocrx_word' id='word_1_469' title='bbox 1243 2551 1462 2596; x_wconf 82' lang='lat' dir='ltr'>proprietate</span> <span class='ocrx_word' id='word_1_470' title='bbox 1479 2553 1578 2587; x_wconf 85' lang='lat' dir='ltr'>vocis</span> <span class='ocrx_word' id='word_1_471' title='bbox 1595 2556 1686 2588; x_wconf 81' lang='grc' dir='ltr'>ἀπά-</span> 
     </span>
     <span class='ocr_line' id='line_1_45' title="bbox 220 2603 1684 2653; baseline 0.002 -13"><span class='ocrx_word' id='word_1_472' title='bbox 220 2620 293 2651; x_wconf 80' lang='grc' dir='ltr'>γειν</span> <span class='ocrx_word' id='word_1_473' title='bbox 315 2604 468 2643; x_wconf 84' lang='lat' dir='ltr'>dubitet,</span> <span class='ocrx_word' id='word_1_474' title='bbox 494 2603 691 2647; x_wconf 73' lang='lat' dir='ltr'>praesertim</span> <span class='ocrx_word' id='word_1_475' title='bbox 721 2614 805 2636; x_wconf 89' lang='lat' dir='ltr'>cum</span> <span class='ocrx_word' id='word_1_476' title='bbox 833 2615 879 2636; x_wconf 81' lang='lat' dir='ltr'>cx</span> <span class='ocrx_word' id='word_1_477' title='bbox 905 2615 948 2637; x_wconf 84' lang='lat' dir='ltr'>ea</span> <span class='ocrx_word' id='word_1_478' title='bbox 975 2608 1095 2638; x_wconf 85' lang='lat' dir='ltr'>cetera</span> <span class='ocrx_word' id='word_1_479' title='bbox 1121 2617 1266 2650; x_wconf 89' lang='lat' dir='ltr'>quoque</span> <span class='ocrx_word' id='word_1_480' title='bbox 1296 2605 1459 2647; x_wconf 82' lang='lat' dir='ltr'>donaria,</span> <span class='ocrx_word' id='word_1_481' title='bbox 1486 2617 1684 2653; x_wconf 84' lang='lat' dir='ltr'>mensaque</span> 
     </span>
     <span class='ocr_line' id='line_1_46' title="bbox 221 2657 1686 2704; baseline 0.002 -10"><span class='ocrx_word' id='word_1_482' title='bbox 221 2672 335 2702; x_wconf 85' lang='lat' dir='ltr'>aenca,</span> <span class='ocrx_word' id='word_1_483' title='bbox 352 2658 508 2704; x_wconf 86' lang='lat' dir='ltr'>pendere</span> <span class='ocrx_word' id='word_1_484' title='bbox 525 2657 704 2697; x_wconf 80' lang='lat' dir='ltr'>debeant3</span> <span class='ocrx_word' id='word_1_485' title='bbox 728 2658 758 2691; x_wconf 92' lang='lat' dir='ltr'>is</span> <span class='ocrx_word' id='word_1_486' title='bbox 774 2658 980 2692; x_wconf 83' lang='lat' dir='ltr'>meminerit</span> <span class='ocrx_word' id='word_1_487' title='bbox 996 2659 1162 2702; x_wconf 87' lang='lat' dir='ltr'>primum,</span> <span class='ocrx_word' id='word_1_488' title='bbox 1179 2660 1273 2693; x_wconf 81' lang='lat' dir='ltr'>hanc</span> <span class='ocrx_word' id='word_1_489' title='bbox 1289 2660 1406 2704; x_wconf 88' lang='lat' dir='ltr'>ipsam</span> <span class='ocrx_word' id='word_1_490' title='bbox 1423 2672 1546 2695; x_wconf 86' lang='lat' dir='ltr'>vocem</span> <span class='ocrx_word' id='word_1_491' title='bbox 1561 2663 1598 2697; x_wconf 88' lang='lat' dir='ltr'>in</span> <span class='ocrx_word' id='word_1_492' title='bbox 1616 2675 1686 2698; x_wconf 92' lang='lat' dir='ltr'>usu</span> 
     </span>
     <span class='ocr_line' id='line_1_47' title="bbox 220 2708 1686 2762; baseline 0.003 -13"><span class='ocrx_word' id='word_1_493' title='bbox 220 2727 298 2749; x_wconf 87' lang='lat' dir='ltr'>esse</span> <span class='ocrx_word' id='word_1_494' title='bbox 324 2708 368 2747; x_wconf 84' lang='lat' dir='ltr'>dc</span> <span class='ocrx_word' id='word_1_495' title='bbox 394 2711 522 2746; x_wconf 74' lang='lat' dir='ltr'>tributo</span> <span class='ocrx_word' id='word_1_496' title='bbox 545 2712 633 2755; x_wconf 80' lang='lat' dir='ltr'>(vid.</span> <span class='ocrx_word' id='word_1_497' title='bbox 654 2712 828 2756; x_wconf 79' lang='lat' dir='ltr'>Xenoph.</span> <span class='ocrx_word' id='word_1_498' title='bbox 849 2712 982 2757; x_wconf 65' lang='lat' dir='ltr'>Cyrop.</span> <span class='ocrx_word' id='word_1_499' title='bbox 1002 2714 1056 2747; x_wconf 91' lang='lat' dir='ltr'>Il.</span> <span class='ocrx_word' id='word_1_500' title='bbox 1071 2717 1105 2747; x_wconf 80' lang='lat'>4.</span> <span class='ocrx_word' id='word_1_501' title='bbox 1123 2717 1178 2747; x_wconf 75' lang='lat'>12.</span> <span class='ocrx_word' id='word_1_502' title='bbox 1196 2714 1269 2748; x_wconf 92' lang='lat'><em>111.</em></span> <span class='ocrx_word' id='word_1_503' title='bbox 1293 2718 1321 2748; x_wconf 93' lang='lat' dir='ltr'>l.</span> <span class='ocrx_word' id='word_1_504' title='bbox 1344 2715 1417 2760; x_wconf 88' lang='lat'>10.)</span> <span class='ocrx_word' id='word_1_505' title='bbox 1433 2717 1559 2760; x_wconf 84' lang='lat' dir='ltr'>quidni</span> <span class='ocrx_word' id='word_1_506' title='bbox 1577 2718 1686 2762; x_wconf 85' lang='lat' dir='ltr'>igitur</span> 
     </span>
     <span class='ocr_line' id='line_1_48' title="bbox 221 2765 1686 2816; baseline 0.003 -13"><span class='ocrx_word' id='word_1_507' title='bbox 221 2771 266 2803; x_wconf 87' lang='lat' dir='ltr'>de</span> <span class='ocrx_word' id='word_1_508' title='bbox 283 2766 455 2813; x_wconf 81' lang='lat' dir='ltr'>sacrificio</span> <span class='ocrx_word' id='word_1_509' title='bbox 471 2772 505 2800; x_wconf 82' lang='lat' dir='ltr'>et</span> <span class='ocrx_word' id='word_1_510' title='bbox 521 2765 667 2800; x_wconf 74' lang='lat' dir='ltr'>donario</span> <span class='ocrx_word' id='word_1_511' title='bbox 693 2766 900 2799; x_wconf 69' lang='lat' dir='ltr'>offerendo?</span> <span class='ocrx_word' id='word_1_512' title='bbox 936 2767 1134 2810; x_wconf 85' lang='lat' dir='ltr'>praescrtim</span> <span class='ocrx_word' id='word_1_513' title='bbox 1161 2779 1244 2802; x_wconf 87' lang='lat' dir='ltr'>cum</span> <span class='ocrx_word' id='word_1_514' title='bbox 1271 2769 1342 2803; x_wconf 85' lang='lat' dir='ltr'>alia.</span> <span class='ocrx_word' id='word_1_515' title='bbox 1359 2771 1458 2804; x_wconf 87' lang='lat' dir='ltr'>vocis</span> <span class='ocrx_word' id='word_1_516' title='bbox 1475 2774 1570 2816; x_wconf 81' lang='grc' dir='ltr'>ἄγειν</span> <span class='ocrx_word' id='word_1_517' title='bbox 1589 2784 1686 2809; x_wconf 89' lang='lat' dir='ltr'>com—</span> 
     </span>
     <span class='ocr_line' id='line_1_49' title="bbox 222 2820 1685 2867; baseline 0.004 -11"><span class='ocrx_word' id='word_1_518' title='bbox 222 2825 338 2867; x_wconf 86' lang='lat' dir='ltr'>posita</span> <span class='ocrx_word' id='word_1_519' title='bbox 356 2823 399 2855; x_wconf 87' lang='lat' dir='ltr'>de</span> <span class='ocrx_word' id='word_1_520' title='bbox 412 2821 620 2865; x_wconf 84' lang='lat' dir='ltr'>hujusmodi</span> <span class='ocrx_word' id='word_1_521' title='bbox 637 2820 740 2853; x_wconf 89' lang='lat' dir='ltr'>donis</span> <span class='ocrx_word' id='word_1_522' title='bbox 755 2821 896 2864; x_wconf 85' lang='lat' dir='ltr'>proprie</span> <span class='ocrx_word' id='word_1_523' title='bbox 911 2825 1128 2865; x_wconf 84' lang='lat' dir='ltr'>usurpentur</span> <span class='ocrx_word' id='word_1_524' title='bbox 1141 2829 1181 2856; x_wconf 89' lang='lat' dir='ltr'>ut</span> <span class='ocrx_word' id='word_1_525' title='bbox 1200 2823 1311 2858; x_wconf 85' lang='lat' dir='ltr'>Hom.</span> <span class='ocrx_word' id='word_1_526' title='bbox 1327 2824 1372 2859; x_wconf 88' lang='lat' dir='ltr'>Il.</span> <span class='ocrx_word' id='word_1_527' title='bbox 1388 2830 1425 2859; x_wconf 84' lang='grc' dir='ltr'>Θ.</span> <span class='ocrx_word' id='word_1_528' title='bbox 1441 2828 1521 2862; x_wconf 81' lang='grc'><strong>203.</strong></span> <span class='ocrx_word' id='word_1_529' title='bbox 1541 2830 1566 2862; x_wconf 80' lang='grc' dir='ltr'>οἱ</span> <span class='ocrx_word' id='word_1_530' title='bbox 1585 2829 1615 2862; x_wconf 72' lang='grc' dir='ltr'>δέ</span> <span class='ocrx_word' id='word_1_531' title='bbox 1635 2844 1685 2864; x_wconf 83' lang='grc' dir='ltr'>τοι</span> 
     </span>
     <span class='ocr_line' id='line_1_50' title="bbox 221 2876 1168 2921; baseline -0.001 -10"><span class='ocrx_word' id='word_1_532' title='bbox 221 2876 429 2921; x_wconf 71' lang='lat' dir='ltr'>(Neptuno)</span> <span class='ocrx_word' id='word_1_533' title='bbox 445 2877 489 2915; x_wconf 76' lang='grc' dir='ltr'>εἰς</span> <span class='ocrx_word' id='word_1_534' title='bbox 503 2876 641 2915; x_wconf 76' lang='grc' dir='ltr'>Ἑλίκην</span> <span class='ocrx_word' id='word_1_535' title='bbox 658 2888 691 2908; x_wconf 81' lang='grc' dir='ltr'>τε</span> <span class='ocrx_word' id='word_1_536' title='bbox 711 2878 763 2908; x_wconf 75' lang='grc' dir='ltr'>καὶ</span> <span class='ocrx_word' id='word_1_537' title='bbox 780 2876 885 2918; x_wconf 75' lang='grc' dir='ltr'>Αἰγὰς</span> <span class='ocrx_word' id='word_1_538' title='bbox 904 2876 975 2919; x_wconf 70' lang='grc' dir='ltr'>δῶρ’</span> <span class='ocrx_word' id='word_1_539' title='bbox 991 2878 1168 2920; x_wconf 74' lang='grc' dir='ltr'>ἀνάγουσι.</span> 
     </span>
    </p>
   </div>
  </div>
 </body>
</html>
