1912 3187
229 123 338 172 534

668 127 1314 172 ΔΗΜΟΣΘΕΝΟΥΣ

306 241 370 301 β’.
416 250 507 292 Δεῖ
534 238 576 292 δ’
605 241 721 310 ὑμᾶς
756 240 948 292 οἰκοῦσαι
985 265 1064 292 και
1093 243 1277 310 μαθεῖν,
1310 241 1358 293 ἐκ
1388 264 1502 298 τινος
1530 242 1689 307 τρόπου

230 312 507 382 προσωφειλε
549 315 612 366 τοὶ
649 313 801 366 euclem
837 314 1048 366 ramum
1087 340 1107 366 o
1142 315 1323 367 Ποισιων
1363 313 1437 366 ε’πι
1468 339 1544 375 την
1574 314 1687 406 τρώ-

227 388 400 460 πεζοιν.
435 391 481 439 ου’
515 413 607 455 ’γαρ
645 385 696 438 δι
723 388 924 455 α’τῡ-οριαν
966 412 1085 439 ταυτ
1124 387 1318 452 ὠφειλεν,
1346 386 1478 440 α’λλα.
1514 386 1586 438 δια
1614 404 1686 449 φι-

233 462 433 550 λεργιοιν.
472 462 497 522 ἦ
530 486 607 530 μεν
642 460 952 551 '704815‘7‘7004‘
984 462 1032 522 ἠν
1073 485 1203 513 ουσιαι
1240 463 1437 514 How-amc
1472 459 1686 530 μαλιστα

229 535 464 586 maana-nov
507 533 686 597 εἶκοσιν,
692 535 935 626 α’ξγυριον
955 533 995 586 δε
1037 560 1151 621 προς
1194 535 1335 606 ταύτῃ
1374 533 1687 603 Σεδανεισμενον

229 606 326 660 ἴδιον
353 609 486 661 πλεον
512 609 539 670 ἢ
565 607 846 670 πεντήκοντα
874 609 1106 661 mnan-ra.
1131 634 1169 660 εν
1199 611 1266 660 οὐν
1294 620 1383 667 τοῖς
1410 608 1688 669 πεντήκοντα

897 735 903 753 ¹
922 733 1026 772 ἔγγειος

271 828 310 862 Β’.
323 829 376 860 Δεῖ
389 827 416 858 δὲ
434 828 512 868 ὑμᾶς
525 838 552 857 κ.
570 838 599 856 τ.
617 825 662 867 λ.]
680 827 784 856 Primo
801 826 938 864 explica-

230 876 291 908 tur,
301 872 454 910 quomodo
467 870 528 900 XI.
539 870 651 900 talenta
665 877 750 899 erant
763 879 779 898 a
797 869 939 898 Pasionis

228 925 331 945 mensa
354 915 477 950 debita3
500 913 580 951 quod
606 914 717 942 sactum
741 912 853 947 aiebat,
881 922 937 940 non

227 962 355 997 propter
370 959 436 995 ejus
460 956 607 994 inopiam,
631 956 684 984 sed
709 959 839 993 propter
862 954 938 983 luc-ri

227 1001 440 1038 cupiditatem.
465 999 585 1029 Etenim
600 998 630 1026 in
645 998 737 1028 rebus
747 998 803 1026 soli
814 1007 872 1026 non
884 997 939 1026 mi-

227 1053 284 1072 nus
301 1042 383 1072 XX.
401 1041 522 1071 talentis
540 1051 608 1070 euin
625 1040 824 1078 possedissc3
847 1039 881 1068 L.
897 1039 940 1068 in-

227 1095 319 1124 super
337 1085 450 1113 talenta
471 1083 517 1114 sui
534 1083 603 1113 aeris
624 1084 740 1113 foenore
756 1083 877 1119 locata,
870 1093 876 1098 ·
904 1093 939 1111 ac

225 1133 377 1168 praeterea
407 1127 470 1157 XI.
497 1127 678 1156 talentorum
718 1135 863 1155 summam
901 1125 939 1153 nd

226 1181 360 1200 mensam
388 1171 454 1208 ejus
476 1170 658 1208 depositam,
684 1179 770 1207 quarn
798 1172 828 1196 et
858 1166 937 1195 idem

227 1214 343 1243 foenore
371 1213 556 1241 exercuerit.
587 1211 799 1240 Phormionem
827 1214 940 1243 autem

227 1266 297 1286 cum
313 1255 471 1284 civitatem
484 1255 616 1284 noudum
630 1255 760 1292 adeptus
782 1258 875 1287 esset,
893 1263 939 1281 sa-

227 1298 289 1328 tius
305 1298 433 1327 duxisse
449 1297 612 1327 Pasionein
625 1296 725 1335 ipsum
743 1295 938 1324 XLillorum

229 1342 378 1371 talentum
395 1341 565 1370 debitorem
582 1339 705 1373 habere,
727 1343 757 1368 et
775 1348 881 1366 usuras
903 1339 940 1367 ab

229 1394 266 1413 eo
290 1384 441 1422 accipere,
466 1393 554 1421 quam
578 1392 646 1410 culn
671 1382 709 1411 iis
729 1390 793 1410 rem
817 1381 940 1415 habere,

227 1426 339 1466 quibus
355 1437 420 1456 eam
433 1425 591 1465 pecuniam
606 1424 698 1454 Pasio
714 1424 830 1453 foenore
847 1425 942 1453 dede-

227 1474 285 1505 rat,
308 1470 401 1499 rebus
425 1479 527 1498 eorum
553 1466 609 1497 soli
636 1467 695 1496 sibi
720 1467 942 1506 oppigneratis,

228 1522 297 1542 cum
315 1512 427 1551 quibus
444 1521 534 1550 agere
554 1521 612 1539 non
634 1510 790 1549 potuisset
810 1510 941 1539 nondum

227 1555 355 1585 civitate
371 1555 511 1584 donatus.
535 1554 614 1583 Haec
631 1557 679 1581 est
695 1552 773 1582 enim
789 1552 847 1581 loci
859 1552 941 1581 illius

229 1597 392 1632 sententia,
430 1607 517 1636 quam
554 1595 752 1625 doctissimus
791 1595 942 1633 interpres

226 1651 286 1670 non
305 1644 352 1670 est
369 1640 443 1669 satis
456 1643 626 1669 assecutus.
650 1639 750 1667 Anim.
767 1639 795 1667 in
817 1638 942 1667 Salmas.

229 1684 307 1714 Obss.
331 1683 369 1712 ud
396 1682 452 1712 Jus
475 1682 511 1712 A.
538 1687 564 1711 et
594 1681 634 1711 R.
662 1681 755 1710 L.11.
780 1691 807 1709 c.
831 1681 941 1710 XXY.

225 1727 435 1756 HERALDrs.

269 1769 310 1799 Οὐ
325 1770 379 1808 γὰρ
395 1767 429 1798 δι’
443 1780 472 1797 κ.
491 1780 520 1796 τ.
537 1767 582 1808 λ.]
608 1766 705 1801 Dicit,
723 1777 780 1796 non
794 1767 876 1807 quod
889 1775 945 1805 pe-

229 1812 318 1842 cunia
334 1821 411 1850 opus
427 1811 566 1845 haberet,
588 1811 643 1839 sed
667 1810 748 1849 quod
770 1810 814 1838 rei
831 1809 944 1838 sacien-

229 1855 276 1884 doe
308 1854 420 1884 nullam
450 1853 643 1882 occasionem
675 1852 817 1882 omittere
843 1852 944 1887 vellet,

228 1908 296 1927 cum
313 1897 459 1926 videlicet
482 1896 640 1936 pecuniam
665 1895 749 1924 illam
772 1894 942 1933 depositam

227 1950 336 1979 magno
361 1940 477 1969 foenore
502 1940 599 1973 daret,
631 1937 804 1968 mediocres
834 1948 943 1968 usuras

228 1982 426 2022 depositariis
443 1982 587 2011 solveret.
626 1981 758 2010 Videtur
775 1980 854 2009 enirn
872 1991 942 2010 con—

230 2026 428 2060 stituendum,
445 2034 601 2054 usurarum
615 2023 747 2058 nomine,
760 2023 877 2062 aliquid
891 2024 943 2052 de-

228 2079 359 2108 pensum
381 2066 591 2107 depositariis,
615 2067 685 2105 quia
712 2066 844 2105 alioquin
868 2065 941 2095 nihil

228 2112 339 2142 fuisset
353 2121 479 2140 necesse
492 2110 620 2140 reddere
637 2109 795 2144 rationem,
812 2119 866 2138 cur
880 2110 942 2139 XI.

230 2155 342 2184 talenta
363 2154 414 2183 illa
438 2153 528 2182 Pasio
551 2153 582 2182 in
605 2162 665 2181 aere
689 2152 788 2181 alieno
804 2152 942 2187 haberet,

229 2202 260 2227 et
274 2196 386 2236 inopiae
404 2195 611 2235 suspicionem
625 2196 662 2224 ab
675 2205 711 2224 eo
724 2205 878 2224 amovere.
902 2195 943 2224 Et

230 2251 301 2269 sane
327 2237 580 2278 ωαςοικοιταθήκοις
606 2237 749 2267 videntur
770 2237 941 2276 appellasse

231 2283 377 2322 pecunias
392 2292 509 2316 omnes,
522 2291 589 2320 quae
604 2280 763 2310 mensariis
780 2281 942 2317 dabantur,

230 2325 322 2355 etiam
339 2325 365 2354 si
383 2326 439 2354 sub
463 2324 577 2359 usuris,
594 2334 661 2362 quae
686 2323 805 2352 scilicet
825 2322 942 2353 medio-

229 2378 298 2398 cres
315 2373 410 2402 erant,
428 2377 495 2396 cum
516 2366 661 2396 mensarii
678 2365 875 2404 gravioribus
891 2376 941 2395 eas

228 2412 376 2440 locarent.
393 2410 473 2438 lllud
486 2409 580 2447 igitur
589 2409 633 2439 rei
646 2409 792 2438 saciendae
805 2409 941 2438 studium

227 2451 370 2493 φιλεργίαν
385 2452 518 2492 appellat
530 2452 766 2486 Demosthenes,
781 2456 811 2481 et
828 2451 879 2490 qui
895 2451 941 2480 rei

226 2496 374 2526 faciendae
397 2494 506 2524 attenti
531 2499 626 2529 erant,
650 2495 830 2523 dicebantur
845 2500 941 2533 φιλες-

228 2537 597 2590 701¹.p.957.v.27.essd.
616 2537 656 2565 R.
680 2537 889 2567 Hmmmus.

269 2580 303 2611 H
318 2580 373 2621 μὲν
385 2582 440 2620 γὰρ
451 2579 547 2617 ἔγγυος
560 2591 587 2608 νν
599 2576 692 2618 οὐσία]
709 2578 791 2608 Bona
803 2581 942 2619 oppigno-

229 2630 308 2655 rata.
331 2624 392 2653 Sed
414 2623 484 2661 lego
504 2620 620 2659 ἔγγειος,
645 2621 724 2650 siout
739 2621 839 2659 ἔγγειοι
854 2622 939 2651 τόκοι.

226 2668 264 2708 τῇ
281 2665 378 2704 ἐγγείῳ
393 2665 558 2705 opponitur
575 2676 588 2694 η
601 2663 802 2702 δεδανεισμὲνη,
816 2665 863 2693 καὶ
877 2677 939 2694 ναυ-

225 2711 289 2740 τικῆ
304 2710 341 2742 εἰς
356 2708 468 2738 ἔκδοσιν.
482 2708 607 2738 Wotr.
630 2706 736 2735 Palam
748 2713 793 2736 est
808 2707 868 2746 legi
885 2708 940 2736 de-

226 2753 310 2787 bere,
326 2751 430 2789 ἔγγειος
453 2749 543 2785 officia,
568 2754 600 2778 ut
623 2749 705 2787 apud
723 2749 856 2788 Lysiam.
882 2749 938 2780 Res

225 2796 288 2831 soli,
304 2796 360 2824 hoc
377 2801 434 2828 est,
450 2792 553 2830 ἔγγειον
567 2789 660 2821 ouo-(av
675 2791 837 2830 distinguit
853 2803 869 2820 a
882 2803 936 2831 pe—

226 2838 314 2866 cunia
325 2848 390 2876 qua
406 2837 434 2865 in
446 2837 559 2865 tienore
577 2839 639 2864 erat
653 2834 763 2873 posita.
777 2834 824 2863 De
835 2834 880 2863 M.
898 2834 935 2864 U.

226 2891 256 2920 p.
274 2883 324 2910 88.
343 2880 382 2908 cs.
396 2890 425 2917 p.
446 2882 514 2908 191.
533 2879 553 2907 S
559 2888 684 2907 ALMAS.
722 2877 783 2907 Sed
799 2877 935 2907 ostendi-

224 2933 291 2952 mus
307 2933 397 2962 s·upia
415 2921 471 2961 [w.
489 2928 605 2961 Λακριτ.
621 2930 651 2959 p.
670 2922 743 2951 517.
756 2931 785 2950 v.
799 2919 934 2961 υῙῑ.]ἕγ-

972 837 1034 863 γυον
1048 831 1078 855 et
1094 825 1196 863 ἔγγειον
1212 836 1291 859 esse,
1304 825 1409 854 eadem
1427 830 1456 853 et
1470 833 1515 853 res
1529 823 1592 853 soli.
1608 823 1689 852 Sane

973 869 1134 898 Pasionem
1153 867 1247 898 οὐσίαν
1264 868 1407 897 habuisse
1428 867 1493 896 sive
1510 866 1604 904 ἔγγυον
1624 866 1689 895 sive

973 910 1085 948 ἔγγειον,
1101 912 1181 940 unde
1206 912 1327 941 XXX.
1345 912 1434 940 rninae
1457 909 1688 948 colligerentur,

973 954 1147 992 quotannis,
1177 959 1296 983 constat
1324 964 1362 983 ex
1394 963 1443 982 vv.
1471 951 1502 981 ἐκ
1530 954 1584 981 τῶν
1613 952 1689 980 οἴκων

973 995 1056 1026 πλέον
1075 996 1089 1027 ἢ
1112 998 1186 1035 μνῖις
1206 997 1363 1036 τριάκοντα.
1395 996 1492 1025 Addit
1513 994 1634 1034 ἀξγύςιον
1658 993 1687 1023 δὲ

973 1038 1174 1077 δεδανεισμένον
1187 1039 1260 1068 ἴδιον.
1286 1040 1369 1077 Ergo
1384 1038 1514 1067 habebat
1528 1038 1557 1066 in
1571 1038 1687 1066 soenore

973 1092 1012 1109 ex
1029 1081 1161 1119 pecunia
1175 1081 1298 1121 propria
1314 1082 1384 1119 plus
1401 1090 1489 1120 quarn
1507 1081 1543 1110 L.
1559 1080 1686 1109 talenta.

972 1123 1033 1152 ἴδιον
1047 1124 1177 1159 dicit,ut.
1193 1129 1315 1164 separet
1329 1134 1346 1153 a
1361 1124 1490 1162 pecunia
1502 1123 1540 1152 ad
1554 1132 1687 1153 mensam

973 1166 1126 1204 deposita.
1148 1167 1220 1196 ibid.
1243 1167 1451 1197 HisnALDrs.
1478 1167 1554 1205 Leg.
1576 1164 1688 1203 ἔγγειος.

972 1210 1110 1239 Anam.

1018 1250 1230 1292 Δεδανεισμὲνον
1243 1252 1319 1293 ἴδιον]
1336 1252 1400 1285 Τοῖς
1415 1252 1513 1285 ἄλλοις
1527 1250 1580 1282 im&
1596 1247 1688 1280 Πασί-

973 1305 1042 1327 ωνος.
1066 1294 1127 1324 ἴδιον
1149 1300 1250 1324 autem
1275 1295 1361 1331 dicit,
1378 1295 1450 1333 quia
1475 1300 1505 1324 et.
1527 1294 1578 1323 alii
1602 1303 1687 1323 suam

973 1337 1136 1375 pucuniam
1153 1338 1221 1367 aliis
1239 1342 1344 1367 mutuo
1361 1338 1490 1367 dandam
1509 1336 1688 1376 argentariis

974 1380 1150 1410 credebant.
1183 1380 1303 1411 &vom-⁸.

1017 1421 1059 1452 Ἐν
1081 1421 1230 1464 οἶν-ἧν]
1257 1423 1426 1462 Negotium
1451 1424 1515 1452 hzt‘c
1540 1422 1614 1451 viris
1635 1422 1688 1451 dd.

975 1465 1142 1502 facessunt,
1159 1467 1238 1495 nude
1262 1477 1319 1495 non
1337 1471 1466 1505 possunt
1484 1465 1574 1495 facile
1590 1464 1687 1493 extri-

975 1519 1044 1538 care
1063 1520 1104 1538 se.
1131 1509 1264 1539 Vl'ollius
1285 1510 1412 1539 miratur
1429 1509 1495 1537 sola
1512 1509 1575 1538 XI.
1593 1508 1689 1537 talen-

975 1555 1005 1579 ta
1034 1552 1130 1581 fuisse
1162 1557 1346 1591 qnaestuosa,
1374 1556 1404 1581 et
1429 1551 1537 1591 quaerit
1566 1560 1601 1580 au
1633 1550 1692 1579 alia

976 1595 1149 1624 XXXIX.
1175 1595 1284 1624 suerint
1310 1596 1419 1629 otiosa,
1448 1599 1478 1623 et
1501 1594 1564 1624 sine
1590 1592 1692 1622 usuris

975 1642 1081 1667 mutuo
1097 1638 1187 1676 data3
1211 1638 1291 1676 quod
1309 1637 1417 1676 ingens
1435 1637 1544 1666 fuisset
1560 1636 1691 1665 miracu-

976 1681 1049 1715 lum,
1066 1680 1218 1710 hominem
1238 1680 1263 1709 si
1286 1680 1450 1718 respicias,
1467 1683 1495 1708 et
1519 1679 1584 1717 ejus
1599 1679 1691 1707 artili-

976 1723 1066 1751 cium.
1106 1723 1272 1753 Salmasius
1288 1726 1326 1751 de
1348 1724 1419 1752 foen.
1437 1729 1551 1760 trapez.
1566 1732 1597 1760 p.
1615 1722 1689 1751 562.

976 1776 1110 1795 mensam
1134 1766 1273 1795 Pasionis
1297 1766 1372 1801 vult,
1394 1776 1460 1794 cum
1486 1775 1550 1794 eam
1576 1765 1692 1794 locaret

981 1809 1168 1843 Phormioni,
1186 1808 1327 1838 habuisse
1353 1808 1507 1847 deposita,
1535 1817 1628 1846 usque
1652 1808 1689 1836 ad

980 1852 1014 1881 L.
1029 1852 1151 1887 talenta,
1171 1862 1297 1889 quorum
1315 1852 1378 1881 XI.
1391 1855 1506 1880 tantum
1523 1855 1609 1880 erant
1624 1849 1690 1889 ἐνεξ-

978 1896 1029 1932 γᾶ,
1055 1905 1109 1933 pro
1133 1895 1245 1934 quibus
1275 1904 1395 1923 usuram
1419 1893 1579 1930 solvebat;
1609 1893 1689 1932 quod

978 1937 1087 1966 salsum
1100 1948 1167 1967 esse
1181 1937 1283 1976 arguit
1296 1937 1363 1977 ipse
1374 1936 1610 1970 Demosthenes,
1621 1946 1688 1965 cum

979 1981 1016 2010 L.
1036 1979 1090 2009 illa
1111 1980 1223 2009 talenta
1241 1980 1305 2018 ejus
1326 1979 1448 2018 propria
1466 1978 1560 2008 fuisse
1583 1979 1638 2013 ait,
1659 1984 1689 2008 et

978 2023 1015 2052 ab
1031 2032 1067 2051 eo
1083 2023 1199 2052 foenore
1223 2023 1392 2051 collocata:
1417 2020 1537 2061 ἇξγύξιον
1561 2021 1588 2050 δὲ
1613 2021 1689 2050 δεδοι-

978 2064 1115 2104 νεισμένον
1124 2063 1215 2095 πλέον
1228 2064 1241 2095 ἢ
1254 2065 1426 2094 πεντήκοντα
1436 2064 1582 2095 τάλαντα.
1606 2064 1689 2100 Quo-

977 2109 1069 2137 modo
1086 2108 1180 2147 igitur
1197 2109 1260 2138 XI.
1277 2108 1390 2137 talenta
1412 2118 1428 2136 e
1445 2107 1575 2145 pecunia
1591 2107 1690 2137 aliena

978 2151 1118 2190 deposita
1153 2156 1268 2191 partem
1301 2161 1404 2180 eorum
1431 2149 1565 2179 faciunt?
1611 2151 1689 2180 Sane

977 2195 1145 2232 scripserat
1163 2194 1400 2228 Demosthenes,
1423 2203 1472 2223 συν
1494 2203 1535 2221 ουν
1550 2204 1610 2226 τοις
1626 2203 1690 2222 πεν-

976 2248 1098 2266 τηκοντα
1128 2237 1282 2270 ταλάντοις
1310 2236 1417 2269 τούτοις
1446 2233 1511 2264 ἀπὸ
1542 2237 1597 2264 τῶν
1626 2239 1687 2266 etc.

976 2280 1160 2309 Particulam
1179 2283 1219 2308 οὑν
1237 2290 1317 2317 saepe
1344 2289 1413 2308 esse
1438 2278 1566 2308 otiosam
1583 2278 1687 2307 Graeci

975 2322 1113 2360 magistri
1128 2325 1242 2351 notant.
1275 2322 1324 2351 Ibi
1337 2331 1395 2351 non
1409 2325 1456 2350 est
1472 2320 1562 2359 plane
1578 2320 1690 2357 otiosa,

976 2369 1007 2394 et
1022 2365 1224 2403 adjectionem
1242 2364 1404 2403 significat.
1443 2364 1527 2402 Ergo
1544 2362 1689 2394 Pasionis

973 2417 1085 2438 mensae
1101 2408 1213 2447 ἇφοξμῆ
1230 2412 1306 2442 erat,
1329 2412 1390 2436 tam
1407 2416 1446 2435 ex
1464 2406 1593 2445 pecunia
1614 2417 1688 2445 pro-

976 2450 1052 2490 pria,
1069 2461 1158 2489 quam
1176 2461 1214 2479 ex
1232 2450 1339 2479 aliena.
1364 2449 1500 2478 Pecunia
1514 2451 1634 2488 propria
1648 2450 1686 2478 L.

975 2493 1089 2522 talenta
1105 2493 1273 2528 efficiebat3
1301 2493 1428 2531 deposita
1447 2492 1510 2521 XI.
1548 2492 1620 2521 Sola
1634 2491 1688 2521 illa

975 2535 1038 2565 Xl.
1056 2536 1186 2565 dederat
1204 2536 1293 2565 Pasio
1309 2534 1501 2569 Phormioni,
1517 2545 1585 2564 cum
1601 2545 1686 2564 men-

976 2588 1038 2608 sam
1055 2578 1084 2607 ei
1102 2579 1220 2608 locaret
1236 2582 1265 2607 et
1282 2578 1425 2607 traderet.
1473 2578 1520 2606 Ex
1538 2577 1576 2607 iis
1591 2577 1686 2615 igitur

975 2621 1049 2650 solis
1067 2622 1225 2651 constabat
1237 2620 1321 2650 illius
1337 2631 1450 2649 inensae
1463 2619 1587 2654 locatio,
1602 2619 1684 2657 quod

974 2663 1397 2701 significatDemosihenesv.
1406 2665 1435 2693 2.
1449 2673 1480 2700 p.
1491 2672 1554 2700 seq.
1565 2660 1686 2699 μισ-θού-

972 2717 1053 2745 μενος
1061 2725 1103 2730 -—
1113 2706 1280 2746 λαμβάνων.
1305 2708 1463 2743 Quaestum
1473 2703 1567 2741 igitur
1575 2704 1685 2740 solnm,

974 2749 1026 2788 qui
1042 2760 1081 2778 ex
1098 2750 1162 2779 XI.
1176 2749 1237 2778 illis
1250 2748 1371 2777 talentis
1386 2746 1537 2776 exsistere
1554 2751 1685 2786 poterat,

973 2793 1158 2821 conductum
1176 2791 1240 2821 vult
1256 2801 1272 2819 a
1293 2789 1497 2826 Phormione3
1519 2793 1612 2818 totam
1627 2790 1686 2818 Pa-

972 2834 1065 2863 sionis
1079 2835 1206 2873 ἀφοςμὲν
1218 2834 1254 2862 ad
1271 2844 1306 2862 ea
1317 2833 1380 2862 XI.
1389 2832 1502 2861 talenta
1515 2832 1687 2870 restringit,

970 2887 1059 2914 quum
1077 2878 1143 2914 ejus
1161 2886 1265 2905 mensa
1287 2875 1464 2904 Phormioni
1488 2876 1586 2904 suerat
1602 2875 1683 2904 loca-

970 2924 1016 2957 ta3
1041 2924 1071 2949 ut
1087 2919 1160 2948 nihil
1185 2918 1266 2948 aliud
1289 2928 1326 2948 ex
1346 2928 1380 2947 ea
1398 2918 1549 2948 locatione
1567 2917 1682 2946 habue-
