1912 3187
229 121 335 183 196
662 130 954 175 ΔΗΜΟΣ

974 131 1310 178 ΘΕΝΟὙΣ

230 242 340 317 μηδὲ
373 244 474 305 τοῦς
512 245 775 304 ἑαλωκότας
811 244 891 297 καὶ
926 243 1203 318 δεδογμένους
1240 246 1511 324 ἀνδροφόνους
1540 244 1701 312 ἐξεῖναι

235 329 390 372 ποιεῖν.

231 446 322 476 nego.
346 435 418 466 Hoc
434 440 534 466 tamen
547 446 606 466 non
622 445 711 466 unam
723 434 823 475 Iegem
840 435 878 465 ab
890 434 950 465 alia

233 479 406 519 distinguit,
422 490 491 509 cum
508 490 612 509 omnes
629 479 773 509 similiter
788 479 819 508 in
837 479 949 508 Forum

232 523 295 553 sint
311 523 476 557 translatae,
493 527 544 552 nut
560 533 666 552 omues
688 522 790 562 potius
807 521 950 551 similiter

231 565 264 595 in
281 565 394 596 tabulis
411 565 454 595 ibi
471 566 645 605 descriptae.
677 566 769 595 Unde
789 564 882 600 enim,
899 568 951 594 aut

233 619 293 647 qua
320 609 490 638 constantia
513 609 578 639 haec
604 610 670 638 Lex
700 608 826 650 inferior
854 608 950 637 nomi-

232 651 297 682 nari
318 652 428 691 possit,
443 651 559 690 potius,
584 662 674 690 quam
696 651 759 687 illa,
774 661 843 690 quae
859 651 951 680 modo

231 700 446 734 praecesserat,
456 701 508 724 aut
519 706 569 731 ea,
579 705 647 734 quae
662 705 734 725 mox
749 696 952 724 subsecutura

231 737 300 767 est?
326 738 450 768 Dicitur
476 739 612 774 secundo,
639 748 692 777 per
715 738 771 767 has
796 748 889 768 voces
905 737 952 766 in-

230 781 428 820 telligendam
445 791 512 811 esse
530 782 695 818 Helimun,
709 781 845 816 Curiam,
862 786 894 810 ut
906 780 951 811 vi·

232 824 335 860 detur,
350 824 380 854 in
403 824 473 854 loco
493 825 642 864 depresso
658 824 815 860 sitam,8u?z
837 822 872 853 τὸ
896 826 952 854 τῶν

231 866 416 909 δικαστηξίοον
431 870 472 898 τὰ
487 867 541 908 μὲν
556 867 622 905 ἄνω,
643 870 683 898 τὰ
700 867 726 898 δὲ
751 868 833 898 κάτω
850 866 950 906 ὄνομά-

232 909 342 951 ξεσθαι.
375 911 518 941 Profecto
532 912 563 941 id
577 921 637 940 non
654 911 739 947 novi,
756 921 854 950 neque
870 910 950 939 arbi-

232 959 297 984 tror
313 964 383 984 esse
408 965 524 984 verum.
556 954 647 984 Solus
674 954 857 994 Areopagus
883 953 950 993 qui-

232 997 314 1033 dem,
328 1002 434 1037 utpote
448 997 479 1026 in
495 997 649 1028 altissimo
665 997 744 1027 colle
762 998 852 1032 situs,
869 998 882 1028 ἡ
898 997 950 1026 ἅνω

232 1039 318 1073 Βουλῆ
336 1041 508 1076 dicebatur,
522 1045 557 1070 ut
580 1051 621 1070 ex
643 1041 810 1070 Plutarcho
836 1045 868 1069 et
883 1040 950 1069 He-

231 1083 354 1113 liodoro
371 1083 506 1113 ostendit
519 1084 639 1113 Meurs.
659 1083 691 1113 in
701 1085 856 1122 Areopag.
872 1083 909 1112 C.
921 1085 950 1111 1.

232 1130 363 1157 extrem.
381 1126 435 1166 [εἰς
445 1124 549 1166 ’Ἀρειον
560 1126 649 1164 πάγον
658 1124 861 1157 ἀναζεζηιιέναι.
877 1126 950 1163 Lys.

230 1170 281 1199 ed.
299 1170 397 1200 Lond.
414 1181 444 1209 p.
465 1172 537 1201 175.
561 1171 575 1200 ἡ
599 1169 653 1199 ἄνω
674 1173 704 1199 et
721 1169 735 1198 ἦ
756 1169 838 1198 κάτω
855 1166 953 1200 Βουλῆ.

232 1213 389 1243 Plutarch.
404 1213 434 1242 in
451 1214 574 1243 Solone.
587 1212 734 1242 'ruma
752 1212 783 1241 in
799 1209 951 1250 schedis]

232 1256 440 1286 Veruntamen
468 1255 494 1284 si
520 1254 620 1285 Curiae
645 1255 758 1284 Atticae
785 1264 892 1283 omnes
920 1253 952 1282 in

231 1301 286 1332 τὰς
311 1299 366 1329 ἄνω
388 1299 447 1334 hae,
464 1299 527 1328 illae
547 1299 578 1328 in
603 1299 658 1331 τὰς
679 1298 761 1327 κάτω
784 1297 953 1326 distribue-

231 1347 350 1378 rentur,
364 1342 530 1372 infeliciter
551 1352 623 1371 sane
646 1340 771 1380 elegisti
788 1340 953 1375 Heumann,

232 1395 322 1425 quam
340 1386 420 1415 inter
440 1385 602 1415 inferiores
629 1394 782 1414 numeres.
819 1384 853 1412 Si
877 1383 954 1420 Ety-

232 1428 376 1468 mologiae
393 1429 616 1468 Magistrorum
633 1427 798 1466 quidquam
822 1427 953 1456 habeant

232 1472 392 1507 momenti,
408 1472 438 1501 in
452 1471 586 1501 convalli
602 1475 655 1500 aut
670 1470 738 1499 loco
755 1469 952 1509 depressiore

233 1525 303 1545 esse
316 1525 374 1545 non
390 1515 501 1555 potuit.
526 1515 624 1544 Immo
641 1518 706 1543 erat
722 1514 751 1542 in
770 1513 838 1542 loco
855 1513 953 1542 subli-

231 1558 335 1594 miori,
351 1558 445 1598 idque
461 1568 611 1597 expresse
634 1557 675 1586 ait
691 1557 846 1594 Antipho:
873 1562 952 1585 Φιλο-

231 1602 337 1651 κράτος
352 1601 445 1631 οὑτοσι
469 1600 607 1634 ἀναβὰς
626 1600 664 1634 εἰς
678 1602 727 1632 τὴν
744 1600 855 1630 ἦλιακην
867 1599 954 1639 (cor-

231 1645 300 1684 rige
313 1643 469 1685 ἡλιαίαν)
483 1649 514 1674 et
536 1644 660 1679 deinde,
678 1643 820 1676 ἀναβὰς
840 1641 895 1680 ἐγὼ
916 1642 954 1676 εἰς

231 1687 266 1717 τὸ
286 1687 461 1728 δικαστήριον
483 1688 544 1723 τοῖς
565 1687 662 1720 αυτοῖς
681 1686 834 1719 δικασταῖς
857 1684 953 1724 ἔλεξα..

233 1730 322 1761 Edit.
337 1732 446 1771 steph.
460 1733 533 1761 143.
549 1732 601 1761 39.
628 1730 742 1759 Verum
755 1730 802 1760 bis
818 1729 954 1765 omissis,

232 1775 417 1814 responderi
441 1774 545 1814 potuit
565 1773 758 1812 simpliciter,
774 1773 824 1802 hic
839 1782 899 1802 non
914 1773 954 1803 de

233 1818 329 1848 Curia
352 1818 414 1856 agi,
436 1818 490 1847 sed
511 1817 550 1848 de
572 1817 668 1856 Lege.
708 1815 831 1846 Dicitur
856 1816 953 1853 tertio,

233 1861 317 1901 quod
332 1872 372 1891 ex
370 1841 484 1890 ²⁷forma
499 1861 617 1900 Legum
633 1860 869 1893 exat-,andarum
885 1869 954 1898 quae

233 1903 439 1946 βουστροφηδὸν
448 1909 524 1940 erat,
542 1902 589 1933 τόν
603 1902 661 1934 ἀπὸ
676 1905 730 1932 τῶν
746 1902 890 1942 ευωνύμων
905 1903 953 1942 ἀρ-

233 1947 355 1989 χόμενον
368 1947 447 1988 νόμον
461 1947 687 1978 Demosthenes
700 1950 827 1976 vocaret
842 1943 887 1974 τὲν
901 1946 954 1975 mi·

232 1989 319 2021 τωθεν
333 1990 423 2031 νόμον.
455 1993 533 2030 Quae
547 1990 671 2029 quidem
688 1999 748 2019 non
762 1990 857 2019 verba
871 1994 954 2026 sunt,

235 2035 290 2065 sed
308 2039 460 2073 portenta.
494 2035 573 2064 Nam
598 2034 628 2063 in
653 2043 689 2062 eo
707 2032 862 2062 scribendi
879 2032 954 2069 ritu,

231 2077 500 2117 quiversationem
516 2077 608 2106 boum
622 2075 735 2105 imitari
753 2075 875 2108 dicitur,
889 2086 953 2105 om-

233 2122 307 2152 nino
324 2131 342 2150 a
357 2121 481 2150 sinistra
497 2126 584 2159 parte
600 2120 798 2148 dextrorsum
816 2118 953 2148 scribere

233 2168 408 2206 creperum,
431 2163 476 2193 uti
503 2173 558 2192 nos
582 2162 674 2192 hodie
691 2162 868 2191 scribimus.
894 2172 954 2200 qua

233 2209 314 2239 linea
340 2211 477 2243 exarata,
498 2206 564 2236 sive
589 2205 676 2235 sulco
704 2205 802 2240 finito,
826 2215 952 2234 necesse

234 2257 313 2288 erat,
337 2256 384 2287 ut,
399 2260 483 2279 more
507 2250 599 2279 boum
625 2249 656 2278 in
677 2249 792 2277 arando
817 2253 952 2283 servato,

234 2299 415 2334 sequentem
438 2303 576 2329 versum,
598 2291 644 2321 τὸν
665 2289 799 2326 κάτωθεν,
820 2301 836 2320 a
852 2292 954 2321 dea-tra

233 2343 322 2377 parte
336 2337 511 2366 inchoantes
524 2345 622 2366 versus
631 2336 779 2365 sinistram
791 2334 953 2370 ducerent,

234 2381 315 2411 utin
330 2381 390 2410 hoc
407 2379 568 2418 exemplo:

323 2444 571 2472 ΔΗΜΟΣΘΕΝΗΣ
592 2443 867 2469 ΔΗΜΟΣΘΕΝΟΤΣ

394 2492 487 2517 ‘HI-113
513 2491 592 2516 vvJ,
615 2493 812 2517 zxamvwn

235 2552 296 2582 Sed
332 2550 492 2581 videamus
525 2554 636 2585 tamen,
669 2554 817 2588 quantum
855 2548 955 2588 prosit

233 2596 294 2626 hoc
310 2598 524 2624 commentum.
555 2593 593 2622 In
610 2603 646 2622 ea
663 2594 818 2631 scriptura
842 2592 954 2622 lineam

232 2639 323 2669 lineae
335 2636 550 2676 subjiciebant,
567 2639 597 2664 et
608 2639 759 2674 perpetuo
772 2635 833 2664 isto
846 2640 953 2665 tenore

229 2683 286 2721 leg
288 2692 322 2711 es
341 2681 386 2710 ita
400 2679 517 2710 exarari
532 2679 674 2717 potuisse
689 2689 748 2707 non
766 2689 854 2717 nego.
886 2679 954 2709 Una

231 2735 308 2764 orgo
325 2725 492 2761 eademque
506 2722 572 2752 Lex
584 2721 694 2759 partim
711 2720 826 2755 ἄνωθεν,
841 2722 953 2759 partim

233 2766 361 2799 κάτωθεν
376 2771 440 2797 erat
456 2765 627 2804 descripta:
648 2774 665 2793 a
680 2764 802 2793 sinistra
819 2774 863 2793 sc.
875 2765 952 2793 dex·

234 2817 379 2846 uersum,
395 2813 539 2849 quantum
562 2817 670 2845 nempe
685 2810 806 2845 pateret
822 2807 950 2842 'labula,

233 2854 346 2884 deinde
374 2853 580 2882 sinistrorsum
603 2861 621 2880 a
636 2850 757 2879 dextra.
789 2850 867 2878 Nam
890 2850 950 2879 isto

234 2898 296 2928 ritu
311 2906 370 2925 non
388 2896 502 2934 Legem
524 2894 613 2933 Legi,
632 2894 687 2922 sed
702 2893 828 2923 Lineam
845 2893 948 2922 Lineae

236 2939 467 2979 supponebant:
485 2943 513 2967 et
530 2938 660 2977 proinde
675 2937 757 2967 nulla
776 2938 840 2967 Lex
854 2937 948 2966 κάτω-

984 435 1034 466 θεν
1048 437 1197 467 nominari
1218 442 1351 477 poterat,
1367 442 1420 468 ant
1435 445 1542 466 omnes
1560 433 1705 464 similiter

984 478 1027 508 ita
1050 479 1198 509 nominari
1215 481 1398 511 debuerunt.
1433 480 1550 514 Quarta
1576 483 1624 507 est
1649 487 1702 507 eo-

984 532 1051 552 rum
1069 523 1229 558 sententia,
1242 525 1294 562 qui
1308 523 1507 558 contendunt,
1520 531 1587 551 cum
1602 521 1702 558 Leges

984 565 1014 594 in
1032 565 1153 595 Axibus
1176 566 1283 595 ordine
1307 572 1337 596 et
1360 566 1497 596 seriatim
1520 570 1622 594 essent
1646 564 1702 593 de-

986 608 1121 648 scriptae,
1133 608 1196 638 dici
1208 608 1254 638 τὸν
1268 608 1398 639 κάτωθεν
1412 608 1491 648 νόμον
1504 618 1581 642 eam,
1592 616 1659 646 quae
1671 605 1701 634 in

985 651 1121 681 inferiori
1137 655 1224 691 parte
1236 653 1360 682 Tabulae
1375 652 1594 681 contineretur.
1622 650 1702 686 Quae

987 704 1058 724 sane
1071 699 1242 734 praestaret,
1263 695 1294 725 ni
1319 695 1409 736 paulo
1431 693 1587 724 meliorem
1604 693 1701 723 addu-

985 747 1135 768 ceremus.
1167 739 1323 768 Provocat
1339 737 1563 768 Demosthenes
1587 745 1646 765 non
1663 734 1701 765 ad

985 780 1130 817 Tabulas,
1151 782 1330 817 Axonasve,
1354 791 1461 811 verum
1482 780 1520 810 ad
1543 778 1703 817 exemplar

986 834 1091 854 earum
1106 825 1220 864 legum,
1239 835 1316 864 quas
1340 824 1455 854 exinde
1472 823 1606 853 describi
1622 822 1703 851 sece-

985 871 1043 903 rat,
1066 873 1112 904 ut,
1139 868 1383 908 quotiescunque
1412 877 1485 896 usus
1513 865 1664 900 venisset,
1685 874 1704 894 a

985 910 1094 941 Scriba
1109 921 1149 941 ex
1167 922 1204 941 eo
1221 912 1358 950 periculo
1374 909 1497 940 recitari
1517 908 1703 948 potuissent.

985 954 1086 1008 Atque
1116 954 1175 984 hoo
1202 955 1366 984 solenniter
1390 953 1553 983 dicebatur
1581 962 1706 991 waga-

984 998 1145 1037 γράφειν.
1178 998 1298 1028 Noster
1323 1008 1351 1026 c.
1367 997 1499 1026 Androt.
1524 995 1550 1034 §.
1577 995 1617 1025 ιά.
1641 992 1704 1034 περὶ

984 1039 1039 1079 μὲν
1052 1042 1107 1069 τῶν
1128 1039 1228 1079 νόμων,
1243 1039 1286 1074 οὓς
1308 1036 1654 1089 παρεγραψάμεθα.
1661 1038 1704 1067 Et

985 1093 1012 1113 c.
1028 1083 1182 1112 Aristocr.
1198 1082 1224 1121 §.
1240 1083 1260 1112 ι’.
1291 1082 1323 1112 ‘O
1347 1081 1402 1121 μὲν
1424 1082 1504 1121 νόμος
1524 1080 1603 1111 ἐστὶν
1625 1091 1704 1114 ουτος

987 1126 1153 1164 Δράκοντος,
1171 1136 1219 1154 και
1235 1126 1257 1155 οἳ
1278 1125 1373 1161 ἄλλοι,
1386 1123 1463 1157 ὃσους
1479 1122 1511 1153 ἐκ
1523 1125 1578 1154 τῶν
1592 1126 1705 1161 φονικῶν

985 1167 1074 1206 νόμων
1082 1149 1400 1221 παςεγραψάμηῖὶν
1422 1165 1506 1206 Et§.
1523 1164 1567 1196 ιδ’.
1587 1165 1628 1195 Οὐ
1647 1165 1705 1195 τοί-

986 1221 1027 1240 νυν
1049 1209 1129 1250 μόνον
1151 1211 1266 1245 τούτους
1285 1222 1351 1244 τους
1375 1209 1473 1250 νόμους
1495 1207 1705 1250 παραβέβηκεν,

986 1253 1068 1283 ἀλλὰ
1083 1253 1132 1282 καῖ
1154 1253 1259 1287 ἄλλους
1273 1254 1408 1289 πολλους,
1431 1252 1474 1286 οὓς
1494 1252 1522 1282 οὔ
1549 1262 1705 1292 παραγε-

987 1295 1186 1336 γξίιμμεθοι
1210 1297 1256 1327 διὰ
1279 1308 1313 1326 το
1337 1295 1459 1329 πλῆθος.
1492 1295 1582 1325 Adde
1604 1294 1631 1334 ᾗ.
1651 1294 1704 1330 ις’.

989 1341 1099 1377 Neque
1125 1339 1192 1369 liaeo
1216 1340 1296 1375 dico,
1323 1339 1412 1378 quasi
1438 1339 1574 1374 credam,
1603 1349 1706 1378 waga-

987 1382 1102 1422 γξάφειν
1133 1382 1316 1421 simpliciter
1345 1393 1412 1411 esse
1439 1381 1607 1416 describere,
1633 1391 1704 1411 cum

988 1426 1060 1455 novi
1084 1424 1169 1455 aliud
1192 1436 1273 1461 esse,
1290 1430 1320 1454 et
1341 1424 1466 1464 proprie
1485 1424 1548 1453 dici
1571 1434 1629 1463 pro
1654 1434 1703 1460 eo,

988 1469 1070 1508 quod
1095 1468 1165 1497 ICti
1188 1467 1321 1498 Romani
1348 1467 1514 1503 nominant,
1541 1467 1706 1505 exceptione

987 1513 1046 1541 uti.
1078 1511 1255 1551 Descripsit
1282 1521 1355 1550 ergo
1387 1511 1504 1540 Rhetor
1529 1514 1636 1540 noster
1662 1520 1704 1539 ex

987 1554 1116 1585 Tabulis
1133 1555 1268 1593 publicis
1284 1555 1385 1594 Leges
1408 1554 1500 1583 hasce
1521 1555 1708 1592 exceptor-ius,

989 1608 1065 1636 quas
1093 1598 1309 1628 Aristocrateae
1341 1596 1494 1637 rogationi
1525 1602 1709 1636 opponeret.

989 1641 1200 1681 Descripsisse
1230 1642 1338 1671 saltem
1370 1645 1512 1670 constat:
1550 1643 1581 1669 et
1611 1639 1709 1670 multa

990 1689 1061 1714 sunt
1085 1685 1114 1714 in
1135 1685 1191 1714 hac
1216 1685 1363 1719 oratione,
1385 1694 1453 1722 qum
1469 1693 1567 1713 meam
1583 1687 1708 1712 senten-

991 1728 1063 1757 tiam
1080 1728 1236 1766 adjuvant.
1263 1728 1313 1757 Ita
1328 1727 1365 1756 ad
1379 1726 1519 1757 Scribam
1536 1736 1568 1755 se
1586 1735 1708 1755 accom-

988 1771 1115 1800 modans
1131 1771 1244 1809 saepius
1260 1771 1323 1800 ait:
1352 1768 1418 1808 λέγε
1440 1768 1487 1799 τόν
1509 1771 1591 1809 μετὰ
1608 1769 1707 1800 ταῦτα

988 1813 1067 1853 νόμον
1081 1832 1124 1837 —
1134 1813 1180 1844 τον
1195 1813 1293 1852 ἐφεξῆς
1304 1812 1384 1854 νόμον
1395 1831 1438 1836 —
1453 1811 1519 1851 λέγε
1530 1813 1595 1846 τοὺς
1609 1810 1708 1852 ἐφεξῆς

987 1856 1094 1896 νόμους.
1121 1857 1194 1887 Vid.
1211 1857 1236 1896 ᾗ.
1255 1855 1289 1898 ζ’.
1307 1857 1357 1886 fin.
1374 1854 1428 1886 κζ’.
1443 1861 1474 1886 et
1489 1855 1548 1895 κγ’.
1572 1856 1709 1885 Praeser-

988 1901 1042 1930 tim
1059 1901 1086 1940 ᾗ.
1102 1901 1151 1930 κά.
1167 1901 1291 1936 dubins,
1315 1905 1415 1929 utrum
1437 1899 1467 1928 in
1490 1898 1631 1938 periculo
1650 1908 1707 1928 suo

989 1944 1089 1974 adhuc
1105 1949 1235 1974 restaret
1252 1945 1333 1978 Lex,
1350 1952 1439 1981 quam
1460 1942 1567 1971 Scriba
1582 1950 1641 1970 non
1656 1951 1706 1970 re-

989 1987 1109 2022 citarat,
1125 1987 1190 2016 ait:
1204 1983 1260 2028 οἷρὰ
1274 1998 1320 2021 τις
1335 1986 1401 2024 ημῖν
1415 1984 1458 2014 ἔτι
1476 1983 1572 2018 λοιπός
1587 1982 1652 2013 ἐστι
1665 1983 1707 2013 νό-

987 2041 1061 2070 μος;
1082 2030 1284 2060 Potissimum
1301 2039 1374 2058 vero
1391 2027 1524 2057 omnium
1541 2027 1568 2065 ᾗ.
1584 2025 1640 2064 κγ’.
1654 2028 1705 2066 qni

988 2073 1076 2103 locus
1095 2073 1227 2112 primum
1251 2072 1341 2102 hodie
1358 2082 1375 2101 a
1391 2081 1439 2100 me
1462 2075 1509 2100 est
1533 2070 1709 2109 complana·

987 2121 1056 2146 tus:
1084 2115 1150 2153 λέγε
1173 2115 1220 2145 τᾶν
1243 2116 1326 2155 μετὰ
1353 2115 1452 2143 ταῦτα.
1478 2112 1568 2152 νόμον,
1592 2111 1606 2143 ἢ
1633 2111 1707 2143 οὗτοι

987 2159 1094 2193 πάντες
1108 2159 1191 2197 εἶσίν;
1208 2158 1313 2188 Recita
1330 2163 1356 2188 et
1369 2162 1532 2197 sequentem
1549 2157 1649 2197 legem,
1664 2157 1709 2186 vel

987 2212 1064 2232 anne
1080 2212 1173 2232 omues
1187 2203 1257 2241 jam
1272 2202 1330 2231 sint
1345 2201 1497 2231 recitatae?
1527 2200 1566 2230 ld
1584 2204 1644 2234 est,
1659 2209 1707 2229 re-

987 2247 1048 2275 cita
1074 2251 1237 2285 sequentem
1265 2244 1366 2285 legem,
1393 2245 1417 2273 si
1443 2253 1501 2283 qua
1527 2242 1709 2283 superfuerit

987 2290 1140 2319 recitanda
1154 2299 1269 2323 earum,
1284 2297 1356 2328 quas
1370 2287 1582 2326 descripsimus.
1615 2286 1707 2316 ΤΑΥ-

990 2343 1070 2363 Lon.

1031 2375 1065 2405 ‘O
1077 2375 1208 2405 κάτωθεν
1222 2374 1318 2415 νόμος]
1344 2373 1406 2404 Lex
1420 2370 1581 2413 inferior,
1572 2382 1594 2402 1.
1611 2382 1639 2401 e.
1654 2371 1706 2401 lex

989 2429 1058 2458 quae
1074 2419 1215 2458 proxime
1235 2417 1434 2457 subsequitur
1449 2426 1516 2445 eam
1531 2425 1599 2454 quae
1614 2414 1707 2445 modo

988 2462 1069 2492 lecta
1080 2462 1149 2492 suit.
1173 2464 1311 2494 Annen-

1038 2506 1154 2546 Δεδογμ
1157 2503 1241 2545 tvm]
1280 2502 1430 2534 Nonnulli
1461 2501 1562 2531 Codd.
1593 2500 1708 2530 habent

990 2548 1252 2589 δεδειγμένους,
1278 2547 1369 2578 Bodl.
1394 2546 1513 2583 Obsop.
1539 2544 1611 2573 Ital.
1631 2544 1706 2573 Lin-

987 2593 1081 2623 denb.
1093 2603 1161 2622 cum
1176 2593 1274 2622 Editt.
1290 2589 1434 2620 Felician.
1445 2593 1475 2617 et
1489 2587 1608 2616 Manut.
1623 2596 1706 2616 eam-

988 2645 1048 2674 que
1064 2635 1226 2666 lectionem
1248 2633 1394 2671 suffragio
1417 2641 1472 2661 suo
1495 2635 1600 2660 tuetur
1617 2630 1706 2658 Lam-

987 2676 1089 2708 binus.
1121 2677 1180 2708 Cui
1194 2676 1375 2707 auscultabo
1396 2683 1516 2713 parum.
1547 2673 1644 2703 Δοκεῖν
1658 2676 1707 2702 est

988 2722 1117 2751 verbum
1134 2721 1266 2755 forense,
1280 2724 1311 2749 et
1327 2717 1480 2756 significat
1492 2726 1575 2746 reum
1590 2716 1706 2754 peragi,

978 2765 1097 2802 judicio
1121 2765 1235 2799 cadere,
1259 2768 1290 2792 et
1313 2760 1436 2790 similia.
1474 2759 1706 2798 Conjunguntur

987 2806 1162 2845 saepissime
1178 2807 1281 2835 ἁλῶναι
1298 2809 1328 2834 et
1343 2804 1437 2839 δοκειν,
1450 2808 1591 2840 tanquam
1608 2801 1706 2841 paria.

987 2850 1035 2878 Ita
1058 2851 1176 2879 Auctor
1199 2854 1304 2879 noster
1329 2845 1427 2885 §·1;·'·
1449 2857 1480 2874 αν
1504 2844 1528 2874 δ’
1552 2844 1631 2883 ἁλῷ
1656 2843 1707 2872 καὶ

985 2893 1071 2923 δοκη
1095 2890 1204 2932 τοῖῗργον
1220 2890 1384 2932 εἰργάσθαι
1413 2887 1537 2929 E1§.1{.
1554 2893 1614 2926 post
1630 2888 1705 2916 med.

985 2935 1146 2977 Ἐἰινδόξῃ
1173 2935 1202 2977 (ὁ
1227 2934 1342 2971 διώκων)
1370 2935 1408 2963 τοὶ
1437 2932 1529 2962 δίκαια
1557 2930 1700 2969 ἐγκαλειν,
