1912 3187
241 124 349 178 268
570 124 602 166 1.
635 125 899 168 TAYLORI
931 126 1253 169 PRAEFATIO
1289 130 1370 170 διο.

245 230 496 276 Μελάνωπος.
525 231 718 284 Πρόεέροι,
735 234 936 274 verisimile
949 241 1021 281 est,
1039 248 1125 274 eum
1146 235 1311 286 digitum
1333 234 1533 273 intendere
1552 234 1600 272 ad
1617 235 1703 272 loca

244 291 285 330 in
311 292 383 331 hac
411 300 542 333 nostra
571 295 833 347 Timocratea,
855 311 909 335 se.
936 299 1030 335 Ἀπὸ
1057 304 1120 336 τοῦ
1146 314 1206 348 πρ.
1229 311 1268 348 p.
1289 302 1381 339 701.
1401 301 1467 335 23.
1488 296 1550 335 ed.
1571 296 1703 335 Reisk.

244 367 467 406 quanquam
488 357 604 394 miror
624 358 767 395 interea
787 357 951 397 hominis
971 359 1343 409 interpretationem.
1401 359 1572 397 Pariter:
1600 359 1704 396 Ἐπι-

248 418 340 468 ψηφ.
370 416 432 455 hic
461 422 552 458 749.
587 422 625 456 2.
656 418 825 467 Θεσμοὲ.
855 424 947 460 707.
979 425 1016 458 2.
1045 420 1284 463 B‘Iekc'tvw‘rroc
1312 426 1401 461 703.
1434 426 1499 458 21.
1527 419 1707 472 Πρόεδροι

247 482 339 518 706.
360 483 425 517 20.
447 479 506 516 vel
526 483 616 520 749.
637 484 676 517 2.
733 480 878 519 Melius
898 480 1061 519 fortasse
1083 482 1172 527 hoc,
1196 494 1311 532 quam
1334 488 1376 519 ut
1397 481 1613 528 credamus,
1636 481 1705 520 de-

249 538 388 577 fecisse
415 540 609 578 actionem
633 554 668 579 c.
691 541 992 592 Androtionem‚
1015 542 1045 580 si
1070 543 1229 592 quando
1263 543 1475 580 citarentur
1501 542 1705 589 vocabula,

253 613 342 651 quae
363 602 402 638 in
429 615 474 640 ea
504 602 620 641 hodie
652 616 729 641 non
761 610 1047 655 comparerent,
1067 610 1110 642 ut
1129 604 1219 642 olim
1235 603 1427 653 judicavi.
1482 604 1634 643 Interea
1654 611 1710 643 ta-

251 675 354 708 men,
370 663 436 700 ubi
450 664 1149 714 HarpocratiolaudatTimocrateam
1165 668 1201 703 in
1218 667 1405 712 Αἱνείους,
1425 677 1568 710 rursuS‚
1585 665 1709 714 Idem,

252 723 389 762 Suidas
414 730 453 763 et
476 726 604 777 Etym.
629 728 687 766 M.
709 732 800 767 440.
822 733 887 767 31.
915 727 953 766 in
979 728 1092 766 Ἠἳὼν
1124 728 1202 766 sive
1222 727 1336 773 Ἠὼν,
1364 732 1510 765 certum
1536 732 1607 772 est,
1635 727 1711 765 hoc

252 798 331 823 non
360 787 496 825 eodem
528 801 613 826 esse
647 790 775 827 animo
804 789 965 837 factum,
985 803 1116 829 verum
1146 803 1213 828 eos
1235 789 1484 827 similitudine
1510 788 1618 826 vocis
1645 788 1713 826 de-

254 854 390 898 ceptos
427 849 733 889 Aristocrateam
777 864 850 902 pro
886 853 1137 890 Timocratea
1174 851 1352 890 voluisse.
1416 851 1517 889 Nam
1555 850 1595 888 in
1635 850 1710 890 hac

254 916 405 957 neutra,
426 911 464 948 in
484 912 549 949 illa
569 919 734 963 utraque
753 927 829 953 vox
849 915 1032 961 occurrit,
1050 916 1242 960 Αἱνείους,
1265 927 1304 964 p.
1325 917 1417 952 230.
1439 927 1476 952 v.
1497 917 1558 953 17.
1596 913 1715 951 Ἠϊόνι

251 985 291 1023 p.
312 977 404 1011 256.
425 987 460 1013 v.
482 978 547 1012 23.
577 975 760 1013 Vicissim
782 976 1018 1027 Harpocrat.
1036 990 1072 1016 v.
1093 977 1347 1025 Ἐξεγ-γύησις·

310 1036 551 1074 Gravissima
573 1050 664 1075 sane
685 1039 837 1086 Oratio,
859 1045 898 1076 et
919 1039 957 1076 in
986 1038 1118 1089 primis
1144 1037 1397 1076 admirabilis.
1454 1037 1549 1075 Eam
1578 1036 1715 1087 utique

257 1096 289 1134 si
316 1111 405 1135 cum
431 1098 621 1148 Leptinea
650 1098 843 1145 conferas,
873 1100 1057 1146 invenies,
1088 1105 1131 1137 ut
1158 1112 1296 1150 genere
1324 1098 1451 1136 laudis
1476 1098 1619 1148 pariter
1651 1112 1718 1136 ex-

257 1159 412 1204 cellere,
432 1159 485 1197 ita
505 1160 720 1211 argumenti
746 1161 908 1208 ratione,
931 1160 963 1198 si
984 1161 1041 1199 fas
1062 1161 1112 1198 sit
1132 1174 1218 1198 cum
1241 1160 1393 1199 Scholis
1420 1159 1544 1209 loqui,
1567 1159 1716 1198 directe

258 1222 525 1272 ἀντιστοιχεῖν.
582 1223 626 1259 111
648 1222 711 1260 illa
733 1223 848 1270 enim,
869 1223 1096 1273 popularem
1117 1223 1239 1272 legem
1262 1235 1409 1260 summa
1431 1234 1518 1259 cum
1546 1221 1720 1258 humani-

258 1288 338 1321 tate
359 1283 619 1330 commendat,
639 1284 678 1321 in
697 1284 783 1331 hac,
806 1284 969 1322 similem
986 1298 1063 1322 non
1086 1284 1222 1321 minori
1242 1297 1330 1322 cum
1348 1283 1551 1322 severitate
1573 1283 1718 1334 impro-

259 1344 340 1383 bat.
394 1345 446 1383 Et
467 1358 557 1383 sane
578 1345 802 1396 quicunque
822 1346 870 1383 ad
893 1346 1008 1395 hujus
1030 1346 1235 1384 lectionem
1263 1345 1428 1392 accedit,
1450 1344 1721 1394 Attieajuris-

258 1406 469 1457 prudentia
488 1407 625 1445 leviter
645 1407 830 1455 imbutus,
851 1421 999 1446 summa
1025 1421 1113 1446 cum
1140 1407 1336 1456 voluptate
1366 1407 1469 1456 leget
1490 1406 1719 1444 Orationem

259 1474 299 1506 et
317 1468 506 1518 gravitate
531 1469 761 1519 argumenti,
782 1475 822 1507 et
844 1469 1040 1509 literarum
1061 1469 1264 1519 elegantia,
1286 1474 1325 1506 et
1351 1467 1530 1506 acumine
1561 1467 1720 1519 ingenii,

259 1542 349 1568 cum
380 1530 768 1568 Demosthenicarum
795 1532 854 1568 vel
888 1530 1046 1582 optimis
1076 1529 1364 1569 conferendam.
1422 1530 1476 1567 Ut
1501 1529 1591 1579 jure
1626 1529 1722 1568 scri·

260 1591 381 1642 pserit
401 1591 535 1630 Theo:
566 1594 761 1631 κάλλιστοι
781 1600 853 1631 τῶν
874 1593 1060 1645 δημοσίων
1093 1595 1232 1642 λόγων,
1252 1593 1292 1631 ἐν
1321 1591 1378 1635 οἷς
1397 1593 1478 1643 περὶ
1505 1594 1618 1644 νόμου
1647 1610 1681 1631 τι
1700 1594 1723 1638 ἢ

262 1653 506 1705 ψηφίσματος
539 1652 840 1707 ἀμφισβητεῖται.
870 1657 971 1703 λέγω
1003 1654 1038 1693 δὲ
1069 1656 1134 1693 τόν
1162 1670 1199 1692 τε
1227 1656 1310 1705 περὶ
1339 1653 1539 1705 Στεφάνου,
1569 1656 1628 1691 καὶ
1659 1654 1724 1692 τὸν

263 1718 379 1753 κατὰ
396 1714 675 1766 Ἀνδροτίωνος,
696 1716 755 1753 καὶ
774 1716 1096 1768 Τιμοκράτους
1118 1721 1194 1755 etc.
1212 1728 1301 1766 pag.
1318 1719 1355 1753 5.
1376 1715 1526 1753 Rursus
1547 1728 1636 1766 pag.
1657 1719 1724 1755 21.

263 1776 464 1825 (Editione
483 1783 614 1819 autem
634 1783 723 1816 utor
743 1778 890 1817 Batava
911 1780 1049 1826 1626.)
1069 1780 1319 1827 εὐπορήσομεν
1346 1776 1381 1815 δὲ
1411 1779 1470 1814 καὶ
1490 1779 1612 1828 νόμων
1631 1779 1725 1815 ἀνα-

266 1845 408 1885 σκευῆς,
434 1841 637 1889 πολλαχοῦ
661 1838 731 1890 μὲν
758 1841 862 1890 παρὰ
891 1842 1082 1883 πλείστοις
1113 1846 1186 1877 τῶν
1214 1840 1391 1891 ῥητόρων,
1415 1838 1662 1876 ἐντελὲστατα
1689 1838 1725 1877 δὲ

264 1903 368 1950 παρὰ
396 1898 645 1949 Δημοσθένει,
666 1900 706 1938 ἐν
724 1903 772 1952 τῷ
808 1903 920 1938 κατὰ
951 1901 1291 1952 Τιμοκράτους,
1323 1901 1383 1937 καὶ
1406 1899 1725 1951 Ἀριστοκράτους,

267 1963 326 1999 καὶ
345 1961 438 2012 πρὸς
457 1960 671 2008 Λεπτίνην.

317 2023 481 2061 Labitur
511 2029 619 2061 certe
649 2023 914 2074 Hermogenes
944 2023 994 2062 de
1022 2024 1174 2062 Invent.
1203 2035 1292 2073 pag.
1314 2026 1405 2060 180.
1427 2020 1532 2059 Edit.
1554 2020 1724 2072 Crispin.

267 2098 356 2123 cum
376 2083 462 2121 haec
482 2084 601 2122 verba
629 2097 676 2122 ex
701 2084 947 2123 Timocratea
976 2085 1160 2131 adducat,
1181 2097 1234 2122 sc.
1262 2083 1524 2132 ἕιαπορητικῶς
1555 2083 1632 2121 ἐστὶ
1660 2099 1726 2122 πε-

267 2146 465 2197 ριοδεῦσαι,
491 2146 540 2184 ἂν
566 2144 718 2195 ἄρξηταί
745 2163 814 2192 τις,
835 2150 884 2190 ὡς
912 2149 931 2184 ὁ
956 2145 1199 2197 Δημοσθένης
1218 2146 1256 2183 ἐν
1277 2148 1325 2197 τῷ
1343 2148 1434 2181 κατὰ
1455 2145 1726 2196 Τιμοκράτους·

269 2208 340 2246 And
371 2209 406 2246 τί
435 2206 522 2258 ἄρα,
542 2210 586 2254 νὴ
612 2208 699 2254 Δία,
719 2207 779 2245 διά
805 2212 843 2246 τί
871 2216 974 2246 τοῦτο
1002 2210 1088 2259 οὐχὶ
1115 2210 1235 2250 καλῶς
1256 2206 1357 2258 ἔχειν
1376 2206 1415 2244 τὸ
1437 2207 1611 2257 ψήφισμα
1630 2206 1726 2253 ἔδοξέ

269 2284 369 2314 τισι;
398 2271 552 2320 πότερον
570 2269 626 2307 ὅτι
650 2272 754 2320 παρὰ
784 2268 868 2313 τοὺς
898 2272 1056 2322 νόμους;
1085 2271 1144 2307 καὶ
1171 2272 1245 2321 μὴν
1271 2271 1387 2320 μόνον
1413 2269 1490 2306 ἐστὶ
1516 2272 1611 2306 κατά
1641 2269 1728 2311 τοὺς

274 2334 424 2380 νόμους.
454 2333 539 2368 ἀλλ’
569 2331 624 2370 ὅτι
653 2332 787 2378 τάξεως
819 2335 948 2379 λύσις;
979 2334 1038 2370 καὶ
1068 2334 1141 2384 μὴν
1169 2333 1365 2378 καὶτοῦτο,
1388 2333 1436 2374 ὡς
1456 2331 1518 2368 οὐκ
1537 2329 1648 2378 ἄλλο,
1667 2328 1729 2368 Se-

272 2395 400 2448 μέλιος
420 2394 601 2441 εὐταξίας.
656 2393 870 2433 TAYLOR.
