1912 3187
686 415 1282 470 ΔΗΜΟΣΘΕΝΟὙΣ

630 581 881 623 ΚΑΤΑ
971 579 1352 623 ΑΦΟΒΟΥ

707 729 927 774 ΛΟΓΟΣ
969 727 1265 772 ΠΡΩΤΟΣ.

340 974 387 1025 α’.
417 982 475 1024 ΕΙ
501 970 580 1042 μὲν
605 971 809 1023 {codam-o
828 969 1046 1034 ἣἌφοβος,
1069 969 1105 1021 εἴ
1128 967 1271 1044 ἄνδρες
1296 964 1532 1030 δικασταὶ,
1552 964 1615 1017 τοὶ
1651 962 1715 1016 ὃί-
1744 980 1823 1016 813

268 1072 379 1100 καιω
406 1056 539 1099 ποιεῖν
577 1047 598 1067 '⁸

573 1071 597 1106 η
630 1044 735 1113 περὶ
771 1044 824 1096 εἶν
859 1040 1158 1118 διαφερόμεθα
1193 1044 1314 1101 1τοῖς
1347 1040 1516 1100 οἰκείοις
1549 1039 1718 1107 ἐπιτρί-

860 1177 867 1194 ¹
884 1174 942 1208 τοῖς
957 1173 1013 1211 *γε
1030 1171 1132 1206 οἰκείαις

310 1284 410 1308 ΚΑΤΑ
428 1276 592 1317 ΑΦΟΒΟΎ]
607 1275 978 1306 ConsultusChiriusFor·

270 1321 445 1352 tunatianus
475 1320 552 1350 libro
584 1319 817 1349 Rhetoricorum
844 1320 874 1348 3.
904 1318 978 1347 folio

272 1366 345 1395 102.
368 1365 404 1393 In
421 1363 532 1398 adoxo,
556 1362 588 1393 id
607 1366 666 1397 est,
687 1363 717 1391 in
742 1361 848 1391 humili
868 1371 978 1400 genere

269 1407 407 1437 materiae
437 1406 577 1445 proxima
606 1404 737 1435 sermoni
764 1405 875 1434 debent
912 1413 979 1432 esse

271 1449 436 1490 principia,
465 1459 562 1488 neque
590 1447 749 1478 sententiis
779 1448 839 1478 alte
865 1446 981 1486 petitis,

271 1503 370 1532 neque
393 1491 494 1521 verbis
518 1492 598 1521 ultra
621 1492 744 1521 modum
770 1489 896 1525 ornatis,
924 1499 980 1519 nec

273 1540 425 1566 structura
442 1534 592 1573 graviore,
615 1534 669 1563 sed
691 1533 777 1572 quasi
796 1533 931 1563 resoluta
952 1535 982 1561 et

274 1577 420 1616 simplici.
464 1577 521 1606 Vis
544 1582 643 1606 autem
663 1577 795 1606 omnium
819 1575 983 1605 sententia-

274 1631 353 1656 rum,
375 1629 463 1658 quam
485 1619 532 1648 his
556 1618 718 1658 principiis
742 1619 930 1652 adhibemus,
948 1628 984 1646 ea

276 1674 344 1694 esse
360 1664 463 1697 debet,
478 1667 513 1691 ut
528 1672 591 1690 rem
610 1671 627 1689 a
648 1661 836 1700 proprietate
858 1664 984 1690 revocet

277 1706 316 1736 ad
332 1704 590 1738 communitatem,
602 1707 633 1732 et
645 1704 738 1738 dicat,
747 1704 879 1732 omnium
893 1704 985 1732 inter-

276 1759 345 1779 esse
364 1747 446 1777 illam
463 1757 526 1776 rem
543 1745 702 1781 vindicari,
725 1750 889 1785 propterea
904 1746 984 1783 quod

278 1795 391 1831 quanto
405 1799 534 1829 quaeque
543 1789 658 1818 minora
671 1787 742 1824 sint,
755 1792 838 1818 tanto
851 1788 986 1817 crebrius

278 1838 310 1865 et
325 1833 423 1872 magis
435 1833 514 1862 inter
525 1832 637 1861 multos
648 1831 756 1860 cadere
771 1830 887 1870 possint
901 1842 908 1859 :
931 1840 987 1859 nec

279 1882 342 1907 tam
357 1881 500 1916 oportere
523 1874 656 1913 spectari
678 1874 916 1913 magnitudinem
940 1882 987 1901 re-

279 1930 346 1950 rum
363 1923 394 1948 et
409 1928 618 1957 personarum,
635 1927 724 1956 quam
741 1916 888 1946 rationem
909 1915 988 1954 aequi

281 1967 313 1992 et
325 1962 432 2000 iniqui,
448 1961 512 1990 veri
528 1965 617 1998 atque
634 1959 712 1989 falsi.
760 1960 894 1989 Eandem
910 1959 988 1987 enim

281 2016 350 2035 esse
366 2005 473 2034 horum
490 2004 521 2033 in
537 2002 672 2033 minimis
688 2001 762 2038 vim,
778 2013 865 2041 quam
883 2002 913 2030 in
929 2011 989 2030 ma-

279 2047 383 2078 ximis.
405 2046 492 2076 Talia
503 2045 653 2086 principia
666 2051 736 2074 sunt
748 2045 891 2084 pleraque
908 2044 988 2083 apud

280 2091 519 2121 Demosthenem
531 2089 562 2118 in
574 2088 620 2118 his
635 2088 734 2123 libris,
751 2088 802 2126 qui
818 2087 990 2116 inscribun-

281 2139 331 2164 tur
355 2132 491 2167 Idiotiei,
516 2136 547 2161 et
570 2131 667 2170 magis
691 2132 773 2169 apud
801 2130 936 2168 Lysiam,
960 2133 991 2159 et

281 2176 362 2215 apud
379 2176 527 2214 quosdam
542 2185 581 2204 ex
594 2173 705 2203 nostris
721 2172 886 2203 veteribus.
899 2173 990 2202 Certe

281 2221 329 2249 M.
344 2218 476 2253 Tullius,
492 2227 585 2257 quum
600 2227 656 2255 pro
673 2216 782 2246 Archia
793 2216 921 2251 diceret,
931 2225 990 2244 non

285 2262 374 2292 aliter
389 2271 517 2291 exorsus
534 2265 590 2289 est.
636 2259 756 2289 Womv.

329 2303 492 2343 ΑΦΟΒΟΥ]
517 2304 552 2333 In
576 2303 632 2331 hac
654 2302 789 2331 oratione
804 2301 991 2330 circumven-

285 2353 349 2377 tum
366 2357 399 2376 se
417 2357 483 2376 esse
502 2345 723 2375 Demosthenes
740 2355 757 2373 a
772 2344 868 2373 tribus
885 2343 992 2372 tutori-

287 2393 343 2420 bus
359 2389 444 2423 dicit,
461 2393 491 2418 et
514 2390 590 2417 bona
613 2397 667 2417 sua
682 2388 786 2417 frande
803 2397 904 2416 eorum
921 2396 993 2424 sup-

287 2443 394 2472 pressa
410 2438 438 2460 et
458 2432 637 2466 interversa,
651 2440 718 2469 quae
732 2430 778 2460 illi
797 2439 892 2469 pauca
908 2439 924 2457 a
941 2438 993 2467 pa-

286 2481 333 2505 tre
356 2474 462 2504 relicta
486 2484 554 2503 esse
578 2474 731 2508 dicebant,
757 2474 824 2512 ipse
853 2481 925 2501 vero
955 2471 993 2500 ad

289 2516 517 2557 quatuordeeim
541 2517 653 2545 talenta
672 2517 767 2545 fuisse
788 2515 995 2545 contenderat.

290 2561 398 2591 Statim
412 2559 507 2597 igitur
522 2564 593 2597 post
611 2559 811 2588 narrationem
829 2557 869 2597 [§.
884 2556 936 2597 y'.]
954 2557 996 2586 ita

288 2604 398 2642 inquit,
414 2601 446 2630 ·r?>
461 2602 488 2631 δὲ
506 2601 615 2634 πλῆθος
630 2603 680 2635 ‘ric
700 2600 803 2637 οὐσίας,
819 2601 862 2630 ὅτι
875 2598 953 2629 τοῦτ’
967 2598 997 2630 ’ἦν

286 2646 320 2676 τὸ
329 2642 535 2683 καταλειφθὲν,
547 2649 605 2673 etc.
631 2644 717 2677 Quod
730 2654 794 2673 vero
803 2642 996 2684 tantaefacul-

288 2695 360 2720 tates
376 2700 394 2718 a
417 2694 503 2726 patre
525 2696 583 2715 meo
604 2687 721 2720 relictce,
736 2687 853 2715 maximi
869 2685 940 2715 mihi
957 2690 996 2714 te-

289 2738 342 2762 stes
357 2731 444 2761 iidem
458 2728 601 2770 ipsifacti
615 2733 693 2757 sant.
717 2729 863 2767 Siquidem
879 2729 910 2756 in
925 2728 997 2757 clas·

291 2776 366 2805 sibus
390 2773 558 2803 ordinandis
580 2772 634 2810 ipsi
654 2781 706 2809 pro
722 2780 764 2799 me
783 2769 901 2810 professi
918 2776 997 2804 sunt,

290 2823 324 2847 ‘ut
343 2819 375 2846 in
398 2817 508 2846 vicenus
523 2815 625 2853 quinas
648 2814 740 2842 minas
763 2814 922 2852 quingenos
944 2814 998 2850 ipsi

292 2860 446 2889 drachmas
457 2857 635 2898 conferrent,
652 2861 793 2895 quantum
809 2856 914 2884 scilicet
930 2864 998 2883 con-

282 2902 399 2943 ferebat
419 2901 581 2930 Timotheus
598 2899 729 2933 Cononis,
749 2903 775 2927 et
799 2899 819 2928 ἰὶ
841 2899 890 2936 qai
907 2898 997 2926 maxi-

292 2955 349 2974 mos
372 2951 442 2973 tnnc
461 2953 559 2972 census
580 2942 768 2980 possidebant.
815 2941 873 2970 His
897 2939 997 2969 verbis

1012 1274 1122 1303 Orator
1148 1271 1322 1311 hujusmodi
1342 1272 1442 1301 facere
1462 1271 1653 1310 enthymema
1675 1271 1722 1300 vi-

1012 1316 1113 1346 detur.
1151 1315 1228 1344 Cum
1244 1316 1362 1345 nomine
1374 1325 1443 1344 meo
1455 1318 1573 1344 tutores
1587 1314 1648 1353 ipsi
1662 1313 1723 1343 mei

1012 1359 1044 1388 in
1061 1359 1174 1389 classes
1189 1358 1320 1387 divitum
1343 1359 1442 1393 relati,
1461 1362 1491 1387 et
1513 1362 1629 1387 tantum
1651 1367 1723 1386 con·

1013 1403 1093 1431 ferre
1106 1401 1238 1441 professi
1248 1401 1319 1437 sint,
1332 1405 1475 1440 quantum
1485 1400 1536 1439 qni
1548 1400 1724 1439 plurimum,

1014 1445 1136 1484 planum
1152 1445 1184 1473 fit
1199 1454 1246 1473 me
1262 1454 1381 1483 quoque
1394 1444 1520 1473 divitem
1534 1445 1570 1472 ab
1584 1443 1629 1472 eis
1640 1442 1725 1472 aesti-

1015 1493 1141 1517 matum.
1157 1487 1277 1517 Deinde
1289 1486 1426 1516 recitatis
1439 1485 1621 1515 testimoniis
1632 1484 1674 1525 [ξ.
1687 1483 1724 1522 γ’.

1017 1530 1082 1570 fin.]
1099 1531 1142 1560 ita
1157 1529 1274 1563 subdit,
1290 1531 1366 1560 δῆλον
1380 1528 1436 1569 μὲν
1452 1527 1536 1558 τοίνυν
1550 1528 1598 1557 καὶ
1617 1527 1649 1558 ἐκ.
1664 1526 1728 1556 τού-

1016 1584 1071 1602 των
1086 1571 1150 1602 ἐστὶ
1165 1571 1198 1602 τὸ
1213 1573 1325 1608 πλῆθος
1340 1574 1390 1605 τῆς
1405 1569 1508 1605 οὐσίαις.
1528 1569 1727 1601 πεντεκαίδεκα.

1018 1616 1165 1645 ταλάντων
1179 1617 1232 1654 γᾶς
1247 1615 1310 1656 τρία,
1325 1615 1457 1644 τάλαντα
1475 1612 1607 1653 τίμημα,
1623 1613 1730 1643 ταύτην

1019 1657 1103 1698 ἠξίουν
1123 1657 1254 1697 εἰσ-φέρειν
1272 1660 1320 1688 τὴν
1342 1657 1478 1698 εἶα-φοράν.
1524 1657 1561 1685 Id
1583 1660 1641 1692 est,
1662 1655 1729 1685 Μα-

1018 1701 1124 1741 nffesta
1138 1707 1177 1730 est
1189 1702 1283 1741 igitur
1296 1710 1348 1739 per
1362 1710 1396 1729 ea
1408 1710 1468 1740 quae
1481 1699 1604 1729 audistis
1612 1697 1731 1728 relicta-

1019 1754 1087 1772 rum
1097 1743 1375 1784 mihijortunarum
1390 1743 1483 1781 copia,
1494 1742 1633 1782 siquidem
1643 1742 1730 1781 quiu-

1021 1786 1112 1816 decim
1137 1786 1311 1815 talentorum
1326 1795 1442 1815 censum
1457 1786 1518 1814 tria
1533 1784 1655 1819 talenta,
1673 1784 1732 1814 col-

1023 1829 1157 1858 lationem
1184 1838 1237 1866 pro
1260 1838 1304 1857 me
1331 1827 1521 1867 profitendam
1547 1832 1731 1856 censuerant.

1023 1872 1072 1900 Ex
1086 1871 1206 1899 duobus
1222 1870 1267 1899 his
1280 1871 1356 1899 locis
1368 1869 1489 1900 collatis
1502 1869 1730 1909 intelligendum

1022 1912 1303 1952 relinquitur,quod
1314 1913 1537 1943 Demosthenes
1547 1913 1585 1941 de
1599 1922 1654 1941 sex
1663 1912 1732 1941 mil-

1024 1957 1104 1986 libus
1121 1955 1265 1985 talentfim
1280 1955 1370 1991 dixit,
1386 1955 1424 1984 de
1437 1955 1519 1984 mille
1537 1965 1572 1984 ac
1587 1954 1729 1984 ducentis

1024 1998 1158 2028 dixisse:
1182 2004 1211 2027 et
1227 1998 1308 2037 quod
1325 1999 1369 2027 illi
1386 1998 1485 2036 quinis
1501 1997 1623 2027 talentis
1645 1997 1731 2026 censi

1023 2042 1055 2071 in
1076 2042 1176 2080 capita
1197 2041 1349 2077 dicuntur,
1371 2039 1538 2078 exaequatis
1560 2040 1732 2069 tenuiorum

1025 2095 1094 2114 cum
1117 2083 1309 2123 copiosorum
1335 2083 1475 2117 fortunis,
1497 2083 1539 2112 ita
1559 2082 1734 2121 intelligen-

1025 2128 1109 2162 dum,
1134 2132 1167 2156 ut
1197 2127 1302 2166 quinta
1332 2130 1446 2155 tantum
1471 2130 1555 2165 parte
1583 2125 1731 2154 bonorum

1025 2170 1107 2200 censi
1131 2174 1243 2204 essent,
1271 2173 1305 2198 ut
1328 2168 1552 2198 Demosthenes
1572 2168 1732 2197 facultates

1026 2223 1094 2242 suas
1111 2212 1285 2251 quindecim
1301 2212 1446 2241 talentum
1462 2211 1555 2241 fuisse
1571 2221 1611 2240 ex
1627 2221 1664 2240 eo
1685 2221 1735 2240 ar-

1026 2259 1230 2295 gumentatur,
1267 2255 1349 2293 quod
1383 2259 1515 2284 tutorum
1542 2253 1732 2293 professione

1025 2298 1170 2337 pupillari
1187 2297 1306 2327 nomine
1317 2298 1408 2332 facta,
1419 2297 1520 2326 tribus
1532 2296 1653 2326 talentis
1666 2306 1736 2325 cen-

1027 2351 1078 2370 sus
1095 2341 1146 2371 sit.
1171 2341 1240 2378 Qua
1256 2340 1371 2370 ratione
1387 2344 1418 2369 et
1430 2339 1575 2369 ditissimi
1587 2339 1734 2378 cujusque

1028 2385 1196 2414 substantia
1208 2385 1398 2418 censebatur,
1414 2392 1449 2412 ea
1464 2382 1530 2421 lege
1544 2386 1576 2411 ut
1590 2382 1736 2411 hactenus

1027 2428 1164 2457 conferre
1186 2431 1350 2461 teneretur,
1375 2426 1400 2455 si
1426 2425 1503 2455 ratio
1528 2425 1571 2454 ita
1592 2429 1736 2463 posceret

1028 2470 1100 2499 belli
1124 2469 1363 2499 administrandi.
1390 2469 1461 2497 Hoc
1481 2472 1529 2497 est
1551 2467 1629 2497 enim
1653 2467 1735 2506 quod

1029 2513 1118 2547 dixit,
1135 2514 1164 2542 in
1181 2512 1303 2541 vicenas
1324 2511 1429 2550 quinas
1446 2511 1552 2546 minas,
1568 2510 1736 2548 quingenas

1030 2556 1189 2586 drachmas
1197 2555 1345 2589 conferre,
1355 2556 1411 2583 hoc
1420 2557 1476 2587 est,
1485 2553 1621 2591 quintum
1631 2561 1736 2590 quem-

1031 2609 1089 2637 que
1117 2598 1284 2632 denarium,
1313 2602 1348 2625 ut
1379 2605 1461 2625 more
1487 2599 1591 2624 nostro
1620 2594 1736 2632 loquar.

1031 2641 1280 2680 Vigintiquinque
1301 2639 1381 2668 enim
1403 2638 1492 2667 minae
1515 2637 1575 2666 duo
1594 2636 1689 2665 millia
1706 2641 1737 2666 et

1031 2684 1210 2722 quingentas
1227 2683 1386 2711 drachmas
1402 2681 1515 2714 valent,
1529 2680 1573 2709 sic
1589 2679 1620 2708 fit
1636 2684 1669 2708 ut
1682 2689 1735 2708 sex

1031 2726 1125 2756 millia
1153 2726 1300 2755 talentum
1326 2724 1363 2752 ad
1393 2723 1516 2761 triginta
1547 2721 1641 2751 millia
1670 2732 1737 2751 cre-

1032 2774 1137 2798 scant:
1167 2778 1205 2796 ne
1232 2766 1422 2796 temerarium
1447 2766 1487 2794 sit
1511 2765 1592 2803 quod
1623 2765 1739 2793 Demo-

1032 2811 1153 2840 sthenes
1168 2809 1260 2844 dixit,
1276 2809 1313 2837 de
1334 2807 1527 2847 pecuniarum
1552 2807 1652 2846 copia,
1668 2817 1737 2846 quae

1032 2853 1160 2882 Athenis
1184 2856 1279 2886 erant,
1301 2857 1331 2879 et
1355 2851 1551 2889 intelligimus
1574 2850 1737 2879 immunem

1031 2895 1152 2934 plebem
1175 2905 1243 2924 esse
1264 2894 1403 2933 inope1n3
1427 2894 1505 2931 quod
1524 2892 1691 2922 confirmari
1708 2897 1739 2921 et

1032 2938 1144 2968 certius
1160 2937 1303 2967 constitui
1316 2947 1353 2966 ex
1366 2936 1501 2965 oratione
1514 2937 1580 2974 ejus
1591 2945 1648 2974 pro
1664 2936 1736 2964 Cte-
