1912 3187
645 169 742 182 ⁴9...-
820 162 1141 178 ,ἠιὼν-..κωκύω
1163 169 1225 180 ..,...
1273 169 1353 180 4,-.
1412 175 1419 178 ⁴
1447 168 1576 184 ..n-Q»
1609 170 1635 181 ,.
1656 173 1666 177 ,

562 367 608 422 Ι.
674 366 1162 422 TAYLORI

645 521 1075 564 PRAEFATIO

835 664 885 689 AD

177 771 771 839 ORATIONEM
841 770 1556 840 DEMOSTHENIS

498 940 760 984 CONTRA
799 940 1245 985 TIMOCRATEM.

145 1079 252 1117 NON
273 1085 346 1129 est,
365 1079 467 1119 bone
488 1080 646 1132 Lector,
667 1087 710 1120 ut
728 1081 788 1120 Te
807 1081 874 1120 diu
894 1095 1061 1120 morarer
1079 1082 1117 1119 in
1137 1079 1246 1119 aditu
1265 1078 1380 1129 hujus
1395 1077 1596 1117 Orationis

147 1147 285 1179 contra
303 1142 574 1181 Timocratem.
631 1144 758 1180 Multa
779 1144 870 1180 olim
896 1143 945 1180 de
971 1143 1056 1192 ejus
1081 1142 1242 1180 historia
1269 1140 1362 1186 dixi,
1384 1153 1469 1177 cum
1495 1151 1598 1190 prae·

148 1202 260 1240 fabar
288 1203 335 1240 ad
362 1203 645 1242 Androtianam
672 1210 712 1242 et
732 1204 1049 1242 Aristocrateam.
1106 1201 1206 1240 Vide
1226 1201 1398 1239 Gellium
1420 1200 1509 1238 XV.
1529 1203 1595 1237 28.

147 1264 397 1302 Plutarchum
430 1265 467 1302 in
501 1265 580 1303 vita
611 1264 817 1302 Demosth.
848 1264 993 1302 ibidem
1026 1262 1234 1301 adductos.
1288 1263 1403 1299 Anno
1437 1261 1597 1311 Olymp.

148 1325 252 1362 CVI.
272 1329 309 1362 4.
341 1325 408 1375 qui
429 1325 503 1363 fuit
523 1325 777 1363 Demostheni
797 1325 934 1362 natalis
952 1329 1017 1362 29.
1047 1323 1181 1361 haberi
1203 1322 1408 1361 contendit
1428 1321 1596 1372 Dionys.

146 1386 277 1424 Halic.
297 1386 345 1423 ad
368 1388 606 1424 Ammaeum:
634 1387 718 1423 Ἐπὶ
741 1385 777 1423 δὲ
801 1385 988 1437 Θεοδήμου
1015 1390 1078 1423 τοῦ
1100 1387 1194 1436 μετὰ
1222 1384 1399 1434 Διότιμον
1418 1385 1598 1434 ἄρξαντος

148 1447 214 1484 τὸν
243 1449 356 1484 κατὰ
385 1447 704 1498 Τιμοκράτους
735 1447 853 1494 λόγον
884 1447 1026 1497 ἔγραψε
1058 1445 1228 1497 Διοδώρῳ
1258 1449 1307 1497 τῷ
1337 1449 1496 1495 κρίνοντι
1523 1460 1599 1482 πα-

147 1510 320 1559 ρανόμων
344 1508 408 1546 τὸν
438 1508 686 1559 Τιμοκράτην.
744 1507 962 1560 [Anonymi
992 1507 1206 1557 descriptio
1240 1506 1518 1558 Olympiadum
1548 1505 1599 1543 ad

149 1570 309 1620 Olymp.
330 1570 434 1609 CVI.
454 1574 492 1608 4.
534 1569 737 1621 Θεὸδημος,
763 1570 796 1607 οἱ
825 1569 860 1606 δὲ
887 1568 1120 1620 Εὺθῦἒημος.
1155 1570 1174 1606 ὁ
1205 1571 1317 1606 κατὰ
1348 1567 1601 1619 Τιμοκράτους

148 1632 266 1679 λόγος
304 1630 579 1682 Δημοσθένους.
647 1632 815 1682 Decepit
851 1630 1129 1682 Olyinpiadum
1164 1630 1443 1680 descriptorem
1482 1641 1602 1679 prava

150 1693 338 1742 Epistolae
359 1693 408 1731 ad
431 1695 648 1731 Ammaeum
676 1694 880 1744 scriptura.
935 1693 1096 1731 Archon
1117 1692 1201 1742 ejus
1223 1691 1312 1729 anni
1333 1704 1422 1729 vero
1447 1691 1601 1728 nomine

150 1754 347 1792 Eudemus
380 1754 466 1800 fuit,
502 1755 603 1793 sicut
629 1769 677 1793 ex
702 1756 866 1793 Diodor.
898 1755 976 1793 Sic.
1009 1755 1118 1792 XVI.
1146 1767 1184 1804 p.
1211 1758 1303 1794 527.
1330 1758 1369 1791 et
1399 1753 1601 1790 Dinarcho

152 1816 323 1855 ostendit
343 1816 670 1866 'dilIgentissimus
699 1817 878 1867 Sylburg.
916 1815 1146 1866 Wesseling.
1180 1815 1228 1852 ad
1257 1815 1374 1852 Petit.
1402 1815 1481 1853 LL.
1512 1816 1601 1852 AA.

150 1891 191 1928 p.
211 1883 274 1916 92.
328 1878 559 1915 Timocratis
582 1877 781 1916 decretum
802 1879 961 1930 Olymp.
983 1876 1066 1917 CV.
1081 1881 1120 1916 4.
1144 1876 1295 1915 Corsin.
1316 1876 1359 1915 F.
1377 1877 1426 1915 A.
1448 1875 1541 1914 diss.
1562 1880 1601 1914 3.

151 1941 184 1986 ξ.
204 1945 268 1978 13.
322 1939 521 1977 ‘fanon
544 1939 591 1978 In
611 1939 796 1992 schedis]

207 2002 307 2039 Cum
333 2000 396 2038 illa
422 2001 555 2048 altera,
579 2016 667 2052 quae
699 2003 832 2041 habita
863 2009 922 2042 est
954 2007 1090 2042 contra
1115 2002 1409 2047 Androtionem‚
1436 1999 1604 2051 plurima

154 2061 273 2100 habet
305 2063 537 2114 communia,
560 2070 602 2101 ut
631 2064 784 2101 memini
810 2077 869 2102 me
901 2064 1074 2103 similiter
1102 2063 1151 2101 ad
1182 2064 1295 2101 istam
1324 2061 1602 2100 Androtianam

155 2129 380 2161 annotasse:
409 2124 527 2174 idque
548 2138 618 2163 nec
640 2126 790 2177 mirum,
806 2139 892 2164 cum
913 2125 1106 2164 Androtio
1125 2131 1163 2163 et
1182 2125 1422 2162 Timocrates
1442 2123 1478 2159 in
1501 2122 1601 2173 Rep.

156 2182 470 2231 administranda,
490 2185 645 2224 dicam?
674 2200 722 2225 an
744 2187 1028 2237 pessundanda,
1049 2186 1262 2224 arctissimo
1282 2185 1384 2223 inter
1399 2198 1439 2222 se
1458 2183 1604 2221 foedere

157 2244 505 2295 conjungerentur;
545 2254 584 2285 et
611 2248 713 2286 idem
745 2249 948 2299 utriusque
978 2254 1183 2286 accusator
1215 2246 1401 2297 prodiret,
1427 2244 1605 2295 quisquis

158 2306 309 2343 demum
343 2306 470 2354 fuerit,
497 2309 708 2348 Diodorus.
764 2311 878 2349 Unde
908 2311 1048 2356 evenit,
1078 2316 1121 2348 ut
1149 2309 1404 2348 Androtionis
1433 2307 1605 2346 facinora

159 2367 337 2417 quaedam
359 2368 493 2407 iisdem
516 2371 720 2421 utrobique
741 2372 822 2410 fere
842 2372 970 2410 verbis
990 2377 1222 2412 recenseret.
1279 2369 1424 2409 Confer

386 2438 554 2476 Androt.
655 2445 746 2479 165.
776 2447 839 2481 14.
861 2464 912 2471 ·-
931 2446 1022 2480 168.
1052 2446 1089 2480 3.

658 2506 750 2542 171.
805 2508 843 2543 7.
866 2524 917 2531 ——-
936 2501 1002 2541 fin.

385 2560 599 2600 Timocrat.
656 2566 746 2600 325.
777 2563 843 2600 ult.
862 2585 914 2591 —-
933 2567 1025 2601 328.
1055 2567 1118 2602 12.

661 2627 752 2661 329.
808 2628 845 2662 1.
866 2646 917 2652 —-
936 2627 1027 2662 333.
1057 2628 1123 2662 18.

429 2682 528 2720 Vide
550 2683 759 2734 Ulpianum
779 2685 842 2723 hic
863 2685 909 2722 ad
940 2688 1032 2723 325.
1061 2685 1131 2723 ult.

212 2748 334 2787 Immo
360 2751 458 2789 adeo
487 2753 703 2791 consociari
732 2753 846 2791 video
880 2754 947 2792 has
978 2753 1198 2799 Orationes,
1230 2757 1274 2790 ut
1304 2750 1477 2802 magistri
1509 2748 1608 2787 anti-

165 2810 317 2858 quiores
348 2813 419 2850 sibi
452 2827 550 2863 pene
585 2815 754 2864 permitti
792 2816 1086 2860 arbitrarentur,
1123 2814 1304 2852 utramvis
1344 2812 1608 2849 indifferenter

163 2869 339 2919 allegare.
369 2874 416 2910 V.
437 2875 490 2913 G.
539 2876 616 2913 Ubi
634 2877 892 2926 Harpocratio
913 2877 1045 2914 laudat
1065 2876 1363 2914 Demosthenem
1385 2887 1430 2910 ex
1452 2872 1606 2910 Andro·-

165 2930 266 2969 liana
297 2932 335 2970 in
367 2935 524 2974 vocibus
552 2937 644 2975 Ἀπὸ
679 2944 742 2976 τοῦ
772 2940 1007 2990 πράγματος.
1049 2937 1315 2987 Ἐπιψηφὶζων.
1356 2932 1606 2985 Θεσμοθέναι.
