1912 3187
633 132 714 175 DE
747 133 965 175 oRAco.
998 132 1231 175 DonoN.
1562 123 1664 178 137

214 243 298 277 rint.
340 243 470 288 Neque
487 242 615 276 mirum
631 240 746 274 videri
763 242 892 284 potest,
909 240 937 274 si
954 240 1091 274 Diones
1104 240 1177 274 filia
1192 239 1272 283 ipsa
1288 248 1432 284 quoque
1449 238 1517 273 dea
1534 241 1667 275 amoris

214 302 268 331 cst
285 298 417 332 habita.
467 296 525 330 Sic
547 295 708 329 Metidos
734 295 804 328 filia
821 298 896 329 erat
913 296 1099 335 Miuerva3
1135 295 1185 328 sic
1204 295 1282 338 ipsa
1298 295 1519 334 Graecomm‚
1537 295 1667 329 Helle-

213 363 300 386 num
317 356 414 396 puta,
429 352 603 395 Ἀφροδίτη
612 352 744 395 Ἔρωτα
762 351 912 394 peperit.
940 350 990 383 Et
1006 350 1173 383 videntur
1187 349 1324 393 antiqui
1341 349 1491 392 l'clasgi,
1503 361 1668 390 amorem,

212 408 306 440 sieut
322 411 507 449 nostrates,
532 406 702 440 feminino
718 405 896 439 vocabulo
912 415 1115 450 usurpasse,
1133 405 1297 448 adeoque
1315 403 1432 444 deam,
1448 414 1519 437 non
1541 403 1666 446 deum,

209 461 387 496 habuisse.
1383 458 1616 491 BUTTMANN.

255 591 462 636 Antequam
488 591 698 625 omittamus
723 591 857 626 oraculi
884 591 993 635 hujus
1021 590 1288 631 tractationem,
1313 589 1421 622 liceat
1446 587 1531 621 mihi
1554 597 1666 621 unam

207 645 313 679 etiam
337 647 414 691 ejus
431 648 597 680 voculam
614 651 797 686 excutere,
815 647 849 679 in
865 658 937 690 qua
954 645 1072 679 adhuc
1090 646 1224 679 haereo.
1277 645 1344 678 Est
1361 655 1403 676 ea
1421 643 1454 676 in
1473 643 1589 677 initio:
1616 644 1668 676 ὅτι

208 702 268 740 τὰς
285 703 370 746 ὥρας
394 704 415 720 “
431 701 684 746 παρηνέγκατε”
701 706 763 742 τῆς
779 704 899 741 θυσίας
917 715 946 735 κ.
964 716 993 734 τ.
1011 703 1044 734 λ.
1094 700 1178 734 Hoc
1198 700 1276 732 loco
1299 702 1336 732 et
1353 698 1534 739 Rciskius‚
1548 698 1583 730 10
1602 698 1666 731 In-

205 755 296 795 dice,
313 760 348 789 et
365 757 574 800 interpretes
597 758 830 802 παρηνέγκατε
852 760 997 790 vertunt
1008 754 1288 801 pratermisistis
1310 755 1369 796 (eo
1391 754 1484 786 cuim
1504 753 1596 786 redit
1614 753 1664 786 H.

206 811 351 845 Wolfii:
388 814 408 829 ‘⁶
427 822 528 845 sacra
545 822 615 845 non
634 812 669 845 in
688 815 847 855 tempore
869 823 946 845 esse
963 810 1080 845 facta'’
1105 813 1141 844 et
1164 809 1298 853 Augeri
1330 810 1351 825 “
1371 809 1421 841 les
1443 807 1666 840 sacrifices—

205 866 303 899 n'ont
328 877 392 910 pas
417 865 475 900 ete
495 866 575 899 faits
593 867 614 900 a
629 866 773 910 tems.'’)
790 866 875 900 nihil
900 866 1027 900 morati
1049 865 1276 899 insolentiam
1302 873 1429 896 sensus
1452 861 1535 894 huic
1559 872 1666 894 voca-

206 917 291 953 bulo
307 920 442 954 tributi.
483 920 638 961 Quando
652 920 747 953 enim
761 931 921 964 unquam
939 921 1139 965 παραφέρειν
1153 918 1366 962 significavit
1376 915 1667 962 preater-mittere?

203 974 406 1019 Stephanus
421 976 458 1008 in
474 975 662 1009 Thesauro
681 976 724 1008 ad
742 975 834 1009 hanc
850 986 975 1009 vocem
995 976 1064 1009 loci
1088 975 1197 1008 nostri
1217 984 1286 1006 non
1307 971 1483 1011 meminit,
1500 981 1581 1004 cum
1600 971 1668 1004 fre-

204 1039 318 1073 quens
330 1033 491 1063 eeterum
510 1030 554 1062 sit
571 1031 668 1073 apud
688 1041 771 1063 eum
789 1029 966 1064 Midianae
985 1030 1131 1063 mentio.
1157 1029 1333 1062 Attamen
1351 1027 1411 1060 ille
1428 1037 1510 1059 cum
1527 1025 1668 1059 ssudaeo

202 1094 348 1117 sensum
368 1084 530 1127 agnoscit
546 1084 728 1125 vocabuli,
745 1085 842 1122 huic,
855 1095 965 1128 quem
979 1085 1079 1118 locus
1096 1084 1216 1127 poscit
1233 1086 1366 1122 noster,
1380 1081 1534 1115 affinem.
1561 1083 1584 1099 “
1600 1081 1670 1113 Po-

203 1138 323 1171 nitur'’
336 1138 455 1182 inquit
480 1140 503 1156 ‘⁴
521 1148 584 1181 pro
599 1144 768 1183 praetereo
789 1149 837 1171 ex
855 1138 1026 1181 Xenoph.
1051 1138 1096 1171 de
1120 1139 1238 1181 lepore
1257 1135 1443 1170 currente'’
1458 1133 1528 1178 (cst
1544 1138 1668 1167 autem

205 1191 250 1225 de
266 1192 469 1225 Venatione
487 1203 524 1235 p.
538 1194 620 1225 982.
640 1191 704 1233 Α.)
729 1194 749 1209 “
765 1195 819 1225 καὶ
844 1193 864 1232 ἡ
887 1193 1034 1225 ποδωκὶα
1055 1195 1140 1237 πρὸς
1159 1194 1195 1224 τὸ
1220 1192 1444 1234 ἀμβλυωπεῖν
1461 1191 1554 1232 αὐτῷ
1578 1191 1667 1222 πολὺ

206 1248 449 1290 συμβάλλεται.
472 1250 559 1290 ταχὺ
583 1249 647 1291 γὰρ
663 1246 825 1280 ἑκάστου”
849 1247 1029 1291 παραφέρει
1053 1249 1074 1265 “
1093 1249 1158 1287 τήν
1181 1247 1259 1288 ὄψιν
1282 1247 1362 1289 πρὶν
1388 1247 1510 1282 νοῆσαι
1530 1245 1561 1276 τί
1583 1245 1666 1278 ἐστι.

204 1300 248 1334 Id
266 1305 331 1342 est,
347 1301 488 1345 inquit”
501 1301 698 1345 (Budaeus)
722 1305 743 1319 ‘⁴
759 1302 1070 1343 Praetergreditur,
1086 1300 1391 1334 Praeterlabitur.’'
1442 1299 1525 1340 Quo
1541 1302 1667 1333 autem

197 1355 279 1397 jure
296 1355 331 1388 in
350 1355 417 1388 hoc
433 1356 523 1397 loco,
540 1366 648 1399 quem
666 1356 782 1388 solurn
800 1355 907 1397 hujus
927 1366 1054 1388 sensus
1078 1358 1207 1388 testem
1234 1354 1359 1391 citant,
1382 1353 1448 1386 sibi
1471 1363 1666 1396 agnoscere

201 1409 390 1444 videantur
402 1410 566 1444 Budaeus
579 1412 616 1443 et
629 1410 832 1454 Stephanus
848 1410 940 1443 hanc
956 1409 1129 1443 vocabuli
1147 1410 1230 1450 vim,
1249 1408 1418 1452 equidem
1433 1419 1491 1441 me
1504 1408 1668 1451 ignorare

201 1464 325 1497 fateor.
373 1463 612 1497 Leonclavius
628 1464 773 1507 quidem
793 1474 877 1497 cum
892 1463 936 1497 iis
954 1474 1026 1497 non
1042 1462 1139 1504 facit,
1155 1463 1204 1496 ita
1221 1463 1375 1496 reddens
1393 1462 1510 1495 locum
1529 1465 1667 1506 ταχὺ-

199 1520 291 1552 tori:
318 1520 339 1536 “
357 1518 453 1552 Nam
470 1518 634 1552 celeriter
651 1520 695 1552 ab
718 1518 861 1561 objecto
879 1517 1007 1563 quovis
1025 1518 1150 1552 oculos
1173 1517 1268 1562 prius
1292 1518 1431 1558 avertit,
1451 1528 1561 1561 quam
1579 1518 1669 1562 quid

199 1573 256 1615 sit,
286 1573 584 1607 animadvertat.'’
639 1573 800 1607 Tantum
831 1577 927 1608 certe
959 1573 1158 1616 intelligere
1188 1573 1275 1605 mihi
1304 1572 1448 1605 videor:
1489 1572 1667 1615 Budaeus,

200 1638 356 1672 cumque
373 1639 416 1661 eo
435 1628 653 1672 Stephanus,
674 1628 822 1662 fortasse
847 1629 926 1672 ὄψιν
943 1628 1083 1672 passive
1101 1627 1315 1671 accipiebat,
1332 1626 1490 1670 indeque
1509 1626 1667 1670 pendere

200 1681 352 1724 putabat
375 1682 573 1724 genitivum
603 1683 754 1716 ἑκάστου.
805 1683 934 1726 Ipsum
962 1682 1210 1716 accusativum
1238 1683 1319 1725 ὄψιν
1345 1682 1395 1714 ita
1421 1685 1469 1724 τῷ
1487 1682 1668 1727 παραφέρει

195 1735 386 1778 jiingebat,
416 1739 459 1769 ut
484 1737 697 1780 intelligeret
724 1737 874 1771 formam
902 1737 1077 1781 loquendi
1106 1736 1173 1769 1100
1205 1737 1333 1769 modo:
1373 1736 1667 1780 praetergreditur

201 1790 414 1834 adspectum
432 1790 714 1834 uniuscujusque
732 1792 795 1825 rei.
844 1792 888 1825 Id
906 1802 1015 1836 quam
1033 1794 1132 1824 recte
1155 1790 1292 1832 fecerit,
1311 1791 1442 1824 nescio.
1486 1791 1667 1824 Leoncla-

198 1844 299 1877 vium
317 1844 438 1888 potius
454 1855 596 1889 sequar,
623 1845 682 1889 qui
708 1846 787 1889 ὄψιν
804 1845 900 1890 ipsos
916 1845 1044 1889 leporis
1062 1845 1186 1879 000105
1204 1845 1387 1878 intellexit
1403 1847 1440 1878 et
1462 1844 1665 1887 genitivum

199 1898 276 1941 regi
295 1899 448 1943 putavit,
474 1899 540 1932 nisi
557 1899 659 1932 fallor
674 1898 808 1943 (neque
826 1900 923 1933 enim
940 1900 1135 1943 quicquam
1162 1910 1226 1943 pro
1249 1902 1346 1932 certo
1372 1899 1625 1942 defenderim),
1643 1910 1666 1932 a

199 1953 379 1996 particula
403 1956 497 1998 παρὰ
519 1954 556 1987 in
583 1955 772 2000 παραφέρει,
796 1954 865 1988 nisi
888 1954 979 1987 forte
996 1953 1178 1987 intellexit
1194 1964 1423 1997 suppressam
1441 1953 1667 1998 praepositio-

200 2018 283 2040 nem
299 2009 381 2041 ἀπό.
406 2008 498 2051 Ejus
511 2009 634 2053 itaque
650 2009 825 2042 rationem
844 2009 873 2042 si
886 2011 1022 2049 teneas,
1039 2008 1125 2041 nihil
1137 2008 1234 2041 aliud
1250 2013 1380 2052 praeter
1395 2008 1666 2042 usitatissimam

199 2065 258 2095 τοῦ
275 2064 473 2108 παραφέρειν
485 2064 557 2097 vim
574 2074 767 2107 agnoscere
782 2064 942 2109 cogeris„
967 2063 1005 2098 id
1021 2064 1130 2108 quod,
1145 2074 1229 2097 cum
1246 2065 1341 2096 solus
1358 2067 1394 2097 et
1410 2064 1517 2107 plane
1533 2064 1587 2098 sui
1603 2075 1667 2108 ge-

200 2118 296 2150 neris
322 2117 410 2151 alias
434 2118 524 2152 foret
540 2119 597 2152 hic
621 2120 734 2161 locus,
758 2120 885 2164 utique
903 2122 1074 2162 praestare
1098 2118 1234 2163 opinor.
1286 2119 1478 2158 Zeunium,
1503 2119 1564 2163 qui
1585 2118 1666 2153 dili-

201 2172 344 2215 gentius
371 2173 476 2206 hasce
502 2174 762 2218 Xenophontei
789 2175 926 2218 ingenii
954 2174 1134 2208 tenuiores
1161 2174 1342 2217 reliquias,
1372 2175 1546 2218 pretiosas
1573 2174 1666 2217 illas,

200 2227 418 2268 tractaverit,
435 2227 524 2261 nihil
541 2229 730 2262 observare
747 2229 782 2262 in
799 2229 868 2263 hoc
884 2230 975 2268 loco,
992 2229 1110 2263 miror.
1162 2229 1230 2262 Est
1247 2232 1369 2261 tamen
1387 2229 1499 2261 nostri
1518 2230 1667 2273 παραφέ-

200 2295 268 2326 ρειν
285 2293 409 2315 5011505
427 2282 555 2327 aliquis
572 2285 668 2327 apud
683 2284 944 2328 Thucydidem,
958 2284 1020 2328 qui
1038 2294 1253 2327 magnopere
1271 2284 1441 2317 recedere
1461 2283 1602 2317 videtur
1619 2283 1665 2316 ab

201 2341 333 2380 etymo,
348 2340 385 2371 et
401 2337 471 2371 1100
484 2338 603 2372 referri
618 2350 721 2383 posse
740 2340 1020 2384 quodammodo.
1064 2340 1218 2382 Legitur
1234 2339 1463 2383 participium
1482 2339 1579 2372 verbi
1597 2339 1666 2373 hu-

194 2391 258 2435 jus
276 2403 348 2426 aor.
365 2395 399 2426 2.
422 2395 696 2437 παρενεγκούσας
713 2394 773 2428 lib.
790 2397 824 2427 5.
839 2405 870 2427 0.
887 2397 945 2428 26.
963 2394 1064 2437 (Vol.
1082 2394 1165 2438 Bip.
1181 2397 1216 2428 3.
1234 2405 1266 2437 p.
1280 2394 1381 2437 245.)
1396 2394 1569 2436 junctum
1585 2395 1666 2428 voci

200 2448 324 2492 ἡμέρας
340 2459 384 2481 00
400 2458 521 2490 sensu,
539 2452 581 2481 ut
597 2450 685 2482 verti
704 2450 855 2483 debeat:
882 2449 954 2483 dies
970 2448 1112 2494 elapsos.
1162 2448 1278 2482 Vides
1295 2448 1593 2491 significationem
1611 2450 1666 2482 in-

200 2501 424 2537 transitivam
443 2503 554 2536 tribui
572 2503 699 2544 verbo;
724 2502 830 2548 elapsi
846 2503 917 2537 dies
939 2507 1075 2542 tamen,
1099 2502 1209 2536 etiam
1229 2501 1451 2548 praeterlapsi
1472 2502 1664 2536 commode

198 2558 395 2598 vertantur,
409 2559 518 2602 atque
532 2558 583 2591 ita
595 2558 842 2591 accusativum
857 2557 1004 2591 fortasse
1017 2557 1225 2601 sibijungat
1239 2556 1454 2591 vocabulum
1470 2562 1509 2591 ut
1523 2558 1665 2590 dicatur

200 2610 307 2644 homo
323 2616 542 2656 παρενεγκεῖν
558 2616 703 2655 tempus
718 2612 873 2655 alicujus
891 2612 942 2645 rei
960 2612 1151 2646 faciendae.
1201 2612 1286 2646 Hoc
1304 2612 1412 2645 modo
1434 2612 1535 2644 loeus
1552 2610 1665 2644 nostri

200 2665 335 2698 oraculi
351 2666 444 2700 bene
460 2667 620 2708 haberet,
640 2670 677 2700 et
694 2669 749 2700 est
763 2667 914 2700 fortasse
931 2667 1085 2711 apertior
1101 2678 1168 2708 res,
1193 2678 1300 2712 quam
1320 2678 1402 2712 quae
1421 2670 1493 2699 tam
1514 2676 1664 2710 operosa

199 2721 411 2755 tractatione
427 2722 634 2766 indiguerit.
682 2723 878 2768 Equidem,
897 2724 1022 2764 fateor,
1040 2734 1061 2755 a
1075 2723 1244 2756 diuturno
1261 2734 1330 2756 usu
1346 2726 1663 2756 monumentorum

204 2773 411 2810 Graecorum
437 2781 475 2810 ct
494 2777 648 2811 lectione
663 2778 725 2811 illa
741 2789 832 2821 pene
849 2778 1011 2822 improba
1027 2777 1132 2811 nimis
1149 2777 1268 2811 adhuc
1294 2777 1500 2815 destitutus,
1524 2776 1662 2809 nodum

203 2827 260 2860 hic
276 2829 500 2865 inveniebam
519 2836 556 2866 et
572 2833 617 2866 de
632 2834 834 2867 mutatione
849 2833 1068 2877 cogitabam.
1091 2834 1263 2877 παρίικατε
1288 2832 1317 2864 51
1337 2832 1528 2873 legeretur,
1550 2831 1664 2864 notis-

204 2882 294 2915 sima
307 2883 396 2918 foret
410 2887 582 2932 loquendi
598 2887 722 2922 forma.
773 2888 905 2922 Obstat
922 2891 1045 2922 tamen
1068 2891 1201 2922 nostrae
1226 2885 1444 2928 conjectura}
1458 2888 1495 2918 et
1512 2885 1607 2920 vocis
1623 2885 1662 2919 in

251 2946 325 2967 vOL.
347 2948 399 2969 111.
960 2953 980 2971 τ
