1912 3187
385 127 605 172 ΚΑΤΑ
663 123 1407 168 ΑΡΙΣΤΟΚΡΑΤΟΥΣ.

1524 120 1635 169 205

182 248 194 265 ε
263 246 276 266 x
355 243 366 263 Ι
474 241 486 255 ⁸
554 240 568 260 x
643 238 666 260 ’ξ’
851 242 862 259 ι
1065 238 1090 259 f?
1126 235 1144 256 »l
1284 238 1295 252 ²
1462 246 1482 257 .-
1625 237 1639 257 x

173 272 195 300 ο
219 270 298 318 μεν
326 267 448 315 νομος
470 263 593 294 εστιν
620 265 743 299 ουτος
765 250 1029 308 Δρακοντος,
1055 264 1086 290 ω
1113 236 1261 306 ανδρες
1299 238 1531 302 Αθηνοειοι,
1559 262 1640 291 και

203 317 302 348 ‘l's

174 346 212 373 οι
267 333 421 380 αλλοι,
449 314 575 374 ὅσους
603 314 653 367 ἐκ
689 315 773 367 τῶν
800 314 979 379 φονικῶν
1007 312 1140 384 νόμων
1166 309 1551 388 παρεγραψάμην.
1582 309 1650 364 δεῖ

780 431 789 449 ¹
807 429 890 459 ἄλλοι
907 427 947 466 δὲ,
961 427 1040 463 δ’σους

171 525 248 558 εῖναι.
284 525 380 564 Cujus
404 526 470 555 haec
494 529 543 555 est
565 525 740 555 Sententia:
772 524 804 554 Si
829 524 893 564 quis

171 569 256 599 caedz's
276 579 367 599 causa
389 569 468 598 exsul
495 569 611 598 domum
635 568 769 603 redierit,
789 573 842 597 out
858 577 892 596 ea

171 612 244 647 loca,
258 612 362 651 quibus
377 611 579 647 interdicitur,
593 611 735 640 hominem
750 611 892 651 deferun-

170 658 210 690 to,
227 653 418 683 ἐνδεικνύντων·
434 665 492 684 non
508 665 579 693 opus
593 661 633 684 est
646 655 732 683 caedis
747 654 892 683 actionem

170 707 274 727 rursus
301 698 465 727 intendere.
511 698 590 727 Nam
611 696 741 735 ’Ἔνδειξις
767 700 834 725 erat
857 706 893 725 ea

172 740 294 779 species
311 739 462 775 Actionis,
480 750 547 778 quae
563 740 593 769 in
611 740 792 769 criminibus
808 739 892 777 judi-

171 783 249 812 catis
265 783 366 812 locum
382 783 486 818 habet,
501 787 532 812 et
547 783 579 812 in
601 783 652 818 iis,
667 793 736 821 quae
758 792 892 820 poenam,

172 835 233 855 non
248 826 520 865 disceptationem,
536 830 732 865 exspectant.
768 824 893 863 Ingeni—

173 868 260 898 osius
276 869 335 898 hoc
352 869 461 904 multo,
477 879 567 907 quam
588 869 714 898 verius:
739 871 781 903 et,
798 868 824 897 si
841 878 892 897 au-

171 912 291 941 daciam
319 916 351 941 et
374 912 576 941 temeritatem
602 911 736 942 hominis
768 915 892 950 spectes

171 953 204 984 in
228 954 336 984 verbis
359 955 607 993 transponendis,
631 965 669 984 ne
696 954 892 993 ingeniosum

171 997 309 1036 quidem.
354 997 424 1027 Alia
448 999 544 1028 multa
571 998 755 1037 opponenda
784 998 895 1033 habeo,

172 1050 240 1080 qnae
257 1050 336 1070 nunc
354 1050 499 1078 premam.
544 1042 678 1076 Interea,
697 1041 722 1070 si
739 1041 776 1070 ab
793 1040 895 1070 Editis

173 1088 300 1119 stemus,
330 1084 405 1122 quid
444 1085 694 1122 respondendum
730 1083 790 1113 erit
819 1084 894 1112 viris

172 1126 280 1155 multis
296 1130 327 1155 et
351 1126 552 1162 doctissimis,
574 1127 626 1165 qui
641 1128 680 1156 de
696 1127 786 1164 hujus
803 1126 895 1163 Legis

172 1169 362 1198 obscuritate
390 1169 446 1199 diu
482 1174 554 1199 sunt
584 1168 771 1208 conquesti?
815 1169 895 1198 Mihi

173 1222 297 1250 semper
326 1212 384 1241 fuit
412 1212 543 1248 animus,
573 1212 649 1241 hanc
675 1212 770 1241 fuisse
801 1212 895 1250 Legis

173 1254 304 1293 alicujus
330 1255 509 1292 prolixioris
534 1260 670 1294 partem:
706 1255 799 1284 immo
821 1264 894 1284 con-

173 1297 297 1327 neotiva
320 1297 381 1327 ista
403 1298 554 1336 particula
576 1300 614 1327 ab
634 1297 722 1328 initio
746 1298 895 1333 declarat,

172 1350 237 1369 rem
261 1340 305 1369 ita
330 1349 362 1369 se
385 1341 508 1370 habere.
555 1340 766 1379 Snbjungatur
792 1341 894 1379 itaque

173 1383 239 1412 haec
255 1384 333 1417 Lex,
358 1383 445 1412 verbi
468 1383 577 1422 gratia,
598 1383 659 1422 legi
675 1383 732 1417 illi,
758 1393 825 1421 quae
841 1392 894 1411 oc-

171 1425 267 1455 currit
285 1435 357 1464 pag.
376 1427 450 1456 631.
465 1436 535 1465 pen.
553 1427 602 1455 ed.
619 1427 660 1455 R.
689 1426 803 1455 Earum
820 1436 894 1463 ergo

170 1467 215 1497 ita
245 1478 430 1498 annexarum
458 1470 560 1498 Tenor
591 1474 623 1498 et
653 1468 810 1499 Sententia
835 1469 894 1498 hoc

170 1511 261 1541 modo
278 1511 429 1552 procedet
443 1522 448 1540 z

177 1578 364 1611 Homicidam
390 1581 581 1617 exsulantem,
605 1582 677 1611 dum
705 1581 741 1610 ab
763 1582 800 1611 iis
829 1581 896 1610 locis

217 1623 375 1659 abstineat,
397 1625 449 1654 uhi
471 1625 606 1654 accedere
623 1635 681 1654 non
699 1624 778 1661 licet,
795 1626 895 1664 siquis

217 1667 263 1696 vel
285 1669 437 1702 occiderit,
463 1669 506 1697 vel
522 1677 693 1707 quocunqne
709 1668 791 1697 modo
807 1678 895 1697 consa

218 1710 370 1745 exstiterit,
393 1716 428 1739 ut
449 1712 613 1745 occidatur,
636 1716 739 1739 contra
755 1710 896 1749 interfici-

220 1757 324 1787 entem,
340 1752 384 1781 vel
406 1762 485 1788 enm,
509 1754 559 1792 qni
581 1754 788 1782 internecionis
808 1764 898 1782 causa

210 1793 326 1835 fuerit,
342 1795 476 1824 Actiones
490 1796 576 1825 coedis
591 1801 687 1830 sunto,
709 1796 831 1833 perinde
851 1797 898 1825 uti

220 1839 244 1866 si
260 1839 323 1877 quis
337 1837 519 1878 interfecerit
533 1840 623 1868 civem
638 1837 851 1868 Atheniensem.

181 1878 288 1910 Verum
303 1882 327 1910 si
349 1892 409 1910 non
424 1881 611 1916 abstinuerit,
634 1880 682 1911 sed
697 1881 831 1915 redierit,
846 1882 898 1910 ubi

219 1934 278 1953 non
295 1929 417 1963 oportet,
432 1925 472 1953 ad
485 1923 508 1953 J
510 1925 621 1954 udicem
634 1923 808 1964 deferunto:
829 1933 898 1953 con-

219 1971 268 1996 tra
287 1977 356 1997 enm
378 1977 457 2002 vero,
478 1968 530 2006 qui
547 1967 697 2002 detulerit,
723 1972 751 1995 et
769 1968 897 1996 interne-

218 2010 309 2039 cionis
336 2020 427 2040 causa
443 2009 562 2050 fuerit,
593 2011 718 2040 actiones
745 2010 831 2039 caedis
861 2020 897 2040 ne

224 2058 320 2082 sunto.

221 2111 413 2142 Reclamabit
428 2123 531 2149 nemo,
547 2113 598 2143 ubi
614 2114 665 2145 τῆς
680 2110 828 2150 Ἐνδείξεως
843 2121 896 2142 na-

178 2157 276 2183 turam
314 2159 346 2184 et
382 2156 533 2185 rationem
574 2155 680 2196 paucis
709 2165 895 2194 exposuero.

178 2196 270 2226 Actio
297 2202 363 2227 erat
390 2199 564 2236 periculosa
591 2198 767 2234 admodum,
797 2209 896 2238 neque

179 2242 295 2269 temere
318 2240 520 2271 instituenda:
555 2242 635 2271 Nam
661 2241 673 2271 ὁ
702 2240 898 2281 ἐνδεικνύμενος

178 2282 218 2311 ad
233 2283 367 2312 rationes
380 2284 552 2313 reddendas
567 2286 738 2320 tenebatur,
755 2290 785 2314 et
798 2284 897 2314 omni-

177 2335 218 2354 no
246 2325 397 2355 contraria
417 2327 535 2356 actione
554 2327 704 2366 postulari
720 2332 851 2366 poterat,
868 2327 896 2356 si

178 2369 298 2407 quando
313 2373 478 2405 constaret,
494 2380 564 2399 eum
579 2370 730 2400 detulisse
743 2371 896 2400 hominem

177 2421 238 2440 non
256 2412 465 2442 deferendum.
507 2413 586 2442 Haec
606 2418 637 2442 et
659 2413 748 2452 plura
773 2414 812 2442 de
836 2414 896 2443 ista

178 2464 271 2484 causa
285 2455 409 2484 docebit
426 2455 555 2491 Pollux,
577 2466 667 2494 quem
682 2456 836 2491 exscribo,
858 2457 895 2485 L.

177 2497 272 2526 VIII.
286 2499 322 2528 C.
339 2499 397 2528 VI.
412 2497 437 2537 ᾗ.
455 2500 509 2529 49.
542 2498 671 2538 ’Ἔνδειξις
683 2498 710 2528 δέ
723 2497 753 2529 ’ἦν
768 2498 841 2538 ‘zv-539
853 2498 897 2528 τὸν

174 2538 328 2581 Ἀρχοντα,
352 2539 572 2580 ὁμολογουμένου
594 2541 780 2581 ἀδικήματος,
796 2543 824 2572 οἷ)
839 2541 896 2581 ngl-

177 2592 260 2618 σεως,
288 2584 369 2614 ἀλλὰ
394 2583 533 2625 τιμωρίας
566 2584 701 2624 δεομένου·
726 2585 738 2614 ὁ
767 2584 794 2614 δὲ
817 2584 896 2614 ἐνδει-

177 2625 306 2665 κνύμενος
329 2626 356 2656 ἐν
378 2627 573 2667 γραμματείῳ
598 2627 662 2669 πρὸς
684 2627 731 2657 τὶν
751 2624 896 2669 ’Ἄξιχοντα

178 2669 228 2698 ‘rim
256 2667 364 2707 ἔνδειξιν
393 2670 537 2711 ἀποφέρει,
567 2670 620 2700 ἵνα
647 2672 715 2700 imre
726 2670 830 2700 ύθυνο
842 2684 854 2705 ς
881 2669 898 2712 ᾖ

179 2712 247 2743 τῆς
267 2710 428 2748 ψεύδους
453 2713 638 2752 ἐνδείξεως
653 2732 693 2736 —
709 2714 850 2752 μάλιστα
868 2713 895 2743 δὲ

182 2753 246 2785 τοὺς
268 2752 428 2792 ὅφείλοντας
449 2756 491 2795 τῷ
513 2756 637 2796 δημοσίῳ
664 2754 856 2791 ἐνεδείκνυσαν,
882 2756 896 2788 ἢ

180 2795 244 2844 τοὺς
256 2796 414 2833 κατιόντας,
430 2797 490 2828 δ’ποι
506 2802 548 2838 μὴ
564 2799 683 2839 ἔξεο-τιν,
700 2799 713 2830 ἢ
730 2801 793 2834 τοὺς
809 2800 896 2840 ἀνδρο-

181 2842 281 2883 φονους.
324 2840 373 2869 Ita
395 2841 550 2880 Aguratus
577 2844 659 2881 apud
686 2843 820 2882 Lysiam,
845 2844 896 2882 qui

181 2884 319 2909 msontes
330 2885 476 2920 quosdam
486 2885 640 2915 detulerat
654 2897 710 2925 per
719 2888 768 2916 τὴν
779 2886 896 2925 ἔνδειξιν,

182 2926 214 2950 et
226 2929 388 2963 eapropter
398 2927 493 2958 caedis
508 2939 599 2958 causa
614 2929 785 2964 exstiterat,
801 2930 896 2959 caedis

926 526 956 551 et
970 521 1038 561 ipse
1054 521 1241 560 postulatur,
1258 525 1292 550 ut
1308 531 1347 550 ex
1361 524 1424 550 tota
1437 519 1497 549 ista
1510 519 1647 549 oratione

925 565 1033 604 liquet.
1057 565 1181 593 Namrin
1198 574 1292 593 causa
1307 562 1468 603 Ἐνδείξεως,
1486 563 1557 601 quia
1573 574 1647 602 sup-

925 608 1053 647 plicium
1081 608 1182 637 statim
1215 607 1353 645 sequitur
1385 609 1450 635 sine
1471 606 1592 644 judicio
1619 611 1650 635 et

926 650 1109 689 quaestione,
1126 650 1236 679 merito
1252 650 1354 679 haberi
1377 654 1498 688 poterat
1521 649 1650 678 Delator

925 693 1017 722 istius
1032 694 1253 722 internecionis
1271 698 1386 721 auctor.
1410 692 1452 721 δεῖ
1472 691 1555 721 atvar
1577 693 1650 722 ἀπο-

926 736 1027 774 δεῖξαι,
1052 737 1087 769 ὡς
1109 736 1137 765 οὗ
1153 735 1334 775 κατεμήνυσε
1351 737 1405 763 τῶν
1421 734 1518 774 ἀνδξῶν
1533 734 1650 770 τούτων,

926 779 980 808 οὐδ’
994 779 1085 813 αἴτιος
1108 779 1204 812 αὐτοῖς
1225 777 1292 808 ἐστὶ
1314 779 1363 807 τοῦ
1393 777 1531 814 θανάτου,
1555 784 1588 807 ut
1610 779 1652 807 ait

927 823 1042 860 Lysias
1075 822 1105 851 in
1139 822 1287 852 Oratione
1317 821 1453 857 laudata,
1477 831 1508 859 p.
1526 823 1600 851 473.
1619 823 1651 851 6.

927 866 1041 894 Verum
1066 865 1223 894 enimvero
1251 868 1397 894 statutum
1414 868 1460 894 est
1477 864 1534 893 hac
1555 865 1651 903 Lege,

927 918 993 938 eam
1020 909 1288 938 recriminattonem
1316 907 1366 936 hic
1391 908 1494 937 saltem
1517 917 1651 942 cessare,

927 961 1026 990 neque
1042 951 1137 981 caedis
1154 950 1305 990 postulari
1321 961 1427 989 posse,
1451 955 1485 979 ut
1502 950 1652 989 generali-

928 999 974 1024 ter
989 995 1092 1033 potuit
1109 995 1185 1030 fieri,
1203 994 1254 1033 qui
1271 994 1412 1023 exsulem
1423 994 1601 1023 redeuntem
1612 994 1651 1023 ad

927 1038 996 1067 loca
1012 1038 1180 1067 interdicta
1196 1037 1349 1067 delatione
1372 1047 1426 1065 sua
1450 1036 1652 1075 oppresserit.

928 1081 1067 1111 cavebat
1083 1081 1219 1110 maxime
1235 1080 1295 1109 sibi
1313 1090 1349 1109 ea
1365 1080 1461 1119 Resp.
1479 1080 1517 1109 ab
1534 1079 1585 1116 iis,
1599 1080 1652 1118 qui

930 1129 1056 1163 propter
1087 1124 1202 1153 caedem
1234 1127 1286 1152 aut
1318 1123 1446 1152 crimina
1475 1122 1653 1152 istiusmodi

931 1167 1027 1196 solum
1052 1170 1239 1196 verterunt:
1264 1167 1391 1196 Jurabat
1415 1165 1506 1201 enim,
1523 1166 1653 1204 quicun-

929 1210 1033 1248 quein
1059 1210 1225 1248 collegium
1249 1209 1462 1238 Heliastarum
1489 1213 1654 1247 cooptare·-

928 1257 991 1286 tur,
1018 1251 1095 1282 οὐδὲ
1122 1254 1208 1286 τοὺς
1236 1252 1453 1291 φεύγοντας
1478 1252 1654 1291 κατάξω,

929 1294 1006 1325 οὐδὲ
1050 1292 1097 1324 ὦν
1139 1295 1316 1328 θάνατος
1356 1305 1374 1324 κ
1389 1293 1654 1333 ατὲγνωο-ται.

928 1339 1027 1367 Immo
1044 1338 1086 1368 ita
1098 1339 1238 1373 cavebat,
1256 1342 1300 1372 ut,
1325 1338 1567 1377 quotiescunque
1585 1339 1655 1368 Lex

929 1380 994 1416 illa,
1010 1391 1098 1419 quam
1127 1392 1145 1411 o
1159 1392 1178 1410 B
1192 1391 1212 1410 Ι,
1224 1391 1236 1409 1
1249 1391 1269 1409 v
1283 1391 1294 1410 1
1305 1391 1324 1410 O
1336 1391 1357 1410 N
1373 1391 1383 1409 1
1396 1391 1410 1410 s
1433 1386 1555 1417 vocant,
1572 1382 1654 1420 apud

927 1424 998 1453 illos
1011 1424 1190 1460 sanciretur,
1202 1423 1381 1453 nominatim
1399 1434 1452 1453 eos
1466 1424 1656 1462 exciperent,

928 1472 960 1496 et
975 1467 1076 1496 adhuc
1094 1467 1258 1496 delationis
1282 1466 1424 1506 periculo
1450 1467 1656 1508 subjicerent,

928 1510 980 1549 qui
998 1510 1177 1548 hujusmodi
1194 1515 1283 1539 reatu
1299 1513 1496 1539 tenerentur:
1524 1511 1654 1541 Jurabat

928 1556 1058 1583 Senator
1088 1553 1232 1591 quilibet,
1263 1553 1384 1591 adjecta
1417 1553 1473 1582 hac
1515 1554 1655 1583 clausula

929 1601 992 1626 tum
1022 1596 1154 1634 primum
1187 1601 1259 1635 post
1299 1597 1461 1625 liberatam
1489 1596 1602 1636 Remp.
1635 1607 1654 1626 a

927 1640 1137 1678 Thrasybulo,
1164 1644 1195 1668 et
1219 1649 1381 1669 excussam
1407 1639 1655 1669 XXXvirorum

929 1683 1136 1722 tyrannidem,
1167 1681 1195 1711 οὗ
1225 1681 1345 1722 δέξομαι
1382 1681 1457 1711 ἐ’νδε
1469 1681 1506 1720 ιξ
1519 1693 1558 1718 ιν,
1595 1682 1654 1713 οὐδὲ

930 1726 1097 1764 ἀπαγωγὴν,
1124 1725 1202 1755 ἕνεκα
1227 1728 1284 1754 τῶν
1310 1724 1438 1766 πιξότεξον
1459 1725 1656 1765 γεγενημένων,

931 1771 1019 1799 πλὴν
1043 1772 1110 1798 τῶν
1141 1768 1369 1807 φευγόντων.
1425 1769 1572 1807 Ejusdem
1604 1780 1657 1809 pa-

930 1812 1008 1841 riter
1038 1812 1214 1841 severitatis
1244 1817 1293 1840 est
1326 1821 1362 1841 ea
1392 1812 1461 1841 Lex
1491 1813 1655 1848 Draconis,

931 1864 1021 1893 quam
1037 1855 1232 1894 exponimus,
1248 1854 1377 1892 perinde
1393 1864 1428 1883 ac
1452 1854 1478 1883 si
1501 1855 1655 1885 dixisset:

931 1899 1016 1927 Κατὰ,
1044 1900 1098 1926 τῶν
1136 1896 1327 1932 ἐνδεικνύντων,
1365 1896 1443 1935 φόνου
1470 1895 1548 1931 δίκας
1576 1897 1656 1934 εῖναι,

931 1942 1042 1970 πλὴν
1068 1942 1141 1969 τῶν
1170 1938 1430 1969 ἐνδεικνύντων
1456 1941 1546 1974 τοὺς
1570 1941 1656 1979 φεύ-

931 1994 992 2020 φον
1002 1995 1049 2012 τα
1061 1995 1082 2017 ς.
1126 1984 1163 2012 In
1177 1983 1329 2013 Themide
1347 1983 1460 2018 Attica,
1474 1983 1527 2012 ubi
1544 1984 1656 2023 Legis-

931 2026 1023 2062 lator,
1040 2026 1115 2065 quid
1131 2025 1232 2055 cuivis
1248 2026 1342 2056 licere
1360 2030 1391 2055 et
1413 2031 1520 2065 patere
1546 2027 1655 2063 voluit,

930 2068 964 2098 id
986 2069 1179 2108 potissimum
1203 2069 1336 2098 sancivit
1357 2069 1414 2098 hac
1437 2069 1568 2105 ratione,
1590 2071 1654 2109 pri—

930 2122 1014 2141 mum
1037 2112 1256 2151 permittendo,
1279 2111 1405 2148 deinde,
1427 2113 1507 2141 omni
1525 2113 1653 2144 excluso

931 2155 1017 2184 aditu
1044 2156 1082 2184 ad
1105 2154 1191 2184 litem
1214 2155 1377 2184 ineundam
1401 2155 1441 2191 ei,
1466 2156 1517 2194 qui
1547 2162 1655 2188 contra

931 2198 1037 2227 venire
1070 2199 1173 2228 vellet.
1230 2198 1282 2227 Ita
1310 2198 1341 2227 iu
1369 2208 1462 2228 causa
1487 2199 1655 2237 Adulterfi,

932 2241 1081 2270 sancitum
1098 2246 1158 2277 est,
1175 2239 1222 2270 ἐάν
1242 2252 1287 2274 τις
1308 2240 1410 2281 μοιχὸν
1429 2240 1518 2282 λάβῃ,
1539 2241 1594 2279 δ’,τι
1622 2243 1655 2273 ἂν

932 2283 1082 2319 Βούληται,
1106 2283 1251 2325 >Ceio-Stat.
1295 2285 1420 2313 Interea
1442 2289 1555 2321 tamen,
1578 2286 1654 2316 licet

932 2327 1177 2366 sapientissimus
1198 2326 1373 2365 Legislator
1387 2338 1423 2356 ea
1438 2332 1592 2366 potestate
1607 2340 1655 2358 ar-

931 2375 1068 2399 maverat
1094 2370 1259 2399 doliturum
1280 2370 1435 2405 maritum,
1462 2371 1548 2409 quasi
1573 2373 1657 2402 inea

930 2423 1038 2451 parum
1056 2420 1138 2442 esset
1155 2412 1307 2452 praesidii,
1325 2413 1395 2442 tulit
1419 2413 1511 2443 etiam
1527 2415 1653 2445 alteram

932 2457 1058 2495 Legem,
1075 2463 1168 2494 prout
1184 2456 1215 2485 in
1240 2456 1328 2485 Lect.
1353 2457 1477 2495 Lysiae.
1501 2457 1572 2487 olim
1597 2469 1654 2488 ex-

931 2498 1036 2537 posui,
1052 2500 1149 2528 τοῦτον
1163 2500 1205 2538 μὴ
1222 2499 1446 2537 καταγινώσκειν
1462 2498 1550 2538 φόνου,
1574 2499 1600 2535 ὃς
1621 2501 1656 2530 ἂν

931 2540 979 2571 ἐπὶ
996 2541 1125 2582 δάμαξτι
1139 2542 1176 2583 τῇ
1189 2542 1290 2571 ἑαυτοῦ
1305 2541 1408 2583 μοιχὸν
1424 2542 1531 2579 λαβὼν,
1546 2544 1655 2574 ταύτην

932 2586 980 2615 τήν
1009 2584 1148 2624 τιμωξίαν
1174 2585 1339 2615 ποιήσηται.
1398 2586 1436 2615 Id
1463 2591 1520 2620 est,
1549 2590 1656 2615 contra

933 2637 1014 2663 eum,
1031 2629 1081 2666 qui
1099 2628 1272 2657 adulterum
1288 2628 1317 2656 in
1336 2639 1434 2658 uxore
1452 2629 1656 2665 interfecerit,

931 2669 1009 2709 φόνου
1026 2670 1097 2701 δίκην
1111 2673 1153 2709 μὴ
1171 2670 1237 2700 εἶναι
1252 2671 1456 2710 εἰσαγώγιμον,
1474 2671 1568 2699 caedis
1583 2682 1655 2701 reus

933 2724 970 2742 ne
982 2714 1164 2753 postulator.
1183 2715 1261 2744 Haec
1273 2719 1373 2743 auten]
1386 2714 1435 2743 vel
1449 2713 1518 2742 ideo
1529 2724 1652 2753 quoque

932 2756 1059 2792 adduxi,
1090 2762 1122 2786 ut
1153 2757 1358 2796 intelligeres,
1387 2766 1446 2794 qua
1476 2756 1534 2785 fide
1565 2757 1653 2787 istam

932 2799 1031 2839 legem
1060 2800 1213 2839 proxime,
1237 2810 1305 2828 nam
1333 2798 1476 2837 proxime
1501 2805 1656 2837 occurret,

933 2853 977 2872 se.
1010 2853 1080 2882 pag.
1113 2847 1272 2882 sequente,
1296 2852 1327 2870 v.
1357 2843 1406 2871 16.
1432 2841 1654 2880 interpretatur

932 2886 1079 2922 VVollius,
1105 2885 1152 2915 ἐάν
1174 2897 1218 2918 τις
1240 2881 1387 2924 ἀποκτείνῃ
1404 2902 1445 2906 -—
1460 2883 1508 2914 ἐπὶ
1523 2884 1653 2925 δάμαξτι

933 2946 973 2952 κ·
988 2931 1039 2968 μὴ
1071 2929 1227 2967 φεύγειν
1254 2924 1473 2956 κτείνοντα.
1522 2928 1582 2962 Qut
1597 2939 1650 2959 occu
