1912 3187
566 171 649 212 AD
685 169 780 212 oa.
814 168 1057 211 CONTRA
1091 168 1344 210 MIDIAM.
1631 156 1666 210 9

226 281 287 315 est
314 276 453 326 aliquis
481 276 517 314 in
547 284 677 316 nostra
706 277 893 322 oratione,
921 277 959 314 in
989 289 1068 327 quo
1105 275 1316 314 etiamnum
1341 275 1484 312 haereo.
1540 271 1669 323 Negat

227 338 508 375 Demosthenes
528 343 570 387 (ἕ.
592 338 678 386 ΕΗ.)
710 342 760 391 τῷ
792 338 873 390 μεθ’
903 338 1029 375 ὅπλων
1061 336 1156 375 εἶναι
1187 337 1504 386 συντεταγμένους
1533 335 1669 384 μόνους

224 405 296 436 τῶν
313 398 442 436 ἄλλων
468 402 644 444 πολιτῶν,
684 402 769 443 τοὺς
802 403 859 437 ἀεὶ
892 400 1105 443 δικάζοντας
1137 397 1312 449 ἰσχυροὺς
1342 395 1450 434 εἶναι.
1506 395 1553 432 Id
1576 407 1672 443 quo—

225 459 342 496 modo
363 459 414 496 sit
431 459 735 510 intelligendum,
757 474 832 498 non
860 461 986 498 habeo
1005 460 1149 497 dicere.
1197 458 1350 496 Armati
1376 458 1493 508 igitur
1517 455 1673 505 judica-

224 520 347 557 bant?
368 523 428 558 An
445 521 747 561 circumstabant
763 523 935 573 Scythae,
959 522 1200 571 Reipublicae
1222 519 1420 566 satellites,
1436 514 1674 556 tribunalia?

226 581 416 619 Concioni
437 587 562 620 tamen
591 589 630 621 et
649 583 800 622 senatui
819 583 934 621 iidem
954 588 1098 633 praesto
1119 587 1239 628 erant,
1256 587 1299 619 ut
1318 593 1394 618 non
1415 584 1576 630 possent
1594 575 1676 614 dici

219 640 378 689 judices
403 644 510 693 μόνοι
546 653 619 682 τῶν
657 646 786 682 ἄλλων
814 647 976 682 πολιτῶν
1011 643 1095 691 μεθ’
1131 641 1257 680 ὅπλων
1291 643 1594 691 συντεταγμένοι,
1635 637 1675 673 in

227 716 305 752 qua
323 703 408 753 ipsa
435 704 622 754 loquendi
643 706 766 743 forma
793 705 1013 743 obscuritas
1047 709 1106 742 est
1138 703 1332 753 quaedam.
1389 701 1494 739 Nota
1510 700 1676 736 fortasse

226 776 287 811 res
315 770 371 800 est
391 765 651 814 peritioribus,
680 779 751 816 ego
785 766 879 803 nihil
899 766 948 803 de
970 778 1014 802 ea
1032 764 1138 816 apud
1169 764 1378 815 scriptores
1412 760 1679 803 inveniebam;

228 830 268 860 et
302 825 491 874 Ulpianus
517 827 555 864 in
576 828 756 864 extremis
773 828 880 865 hisce
896 825 1042 865 deficit.

279 884 556 936 Dionysiorum
594 887 654 925 vel
687 889 934 934 Liberalium,
967 887 1056 925 festi
1090 886 1402 935 Atheniensium,
1431 883 1545 933 ratio,
1565 881 1680 919 etsia

228 945 384 982 summis
411 946 516 992 viris,
549 948 782 986 Ruhnkenio
815 949 879 996 (ad
914 948 1012 987 calc.
1041 948 1243 999 Hesychii)
1263 953 1303 985 et
1323 943 1681 992 Barthelemio,(1n

225 1005 460 1045 Commentt.
490 1008 617 1046 Acad.
633 1010 722 1048 bon.
738 1010 795 1049 lit.
817 1010 865 1048 V.
887 1014 950 1048 39.
970 1022 1009 1059 p.
1023 1015 1114 1050 173.
1138 1009 1266 1059 seqq.)
1282 1005 1584 1046 luculentissime
1613 1016 1680 1039 ex-

227 1066 370 1115 posita,
396 1074 524 1106 tamen
546 1069 595 1106 ad
617 1077 790 1107 nostram
810 1071 1023 1107 orationem
1042 1083 1118 1107 non
1141 1071 1233 1107 satis
1260 1069 1351 1106 mihi
1372 1067 1524 1105 videtur
1541 1064 1683 1102 collata

229 1141 325 1166 esse.
380 1129 474 1167 Tria
494 1137 601 1168 erant
621 1131 757 1169 harum
779 1132 958 1169 feriarum
982 1144 1147 1181 genera:
1187 1131 1345 1168 Ruralia
1377 1127 1579 1178 Dionysia,
1611 1126 1683 1162 Le·

229 1202 326 1235 nae-a,
346 1196 385 1227 et
403 1191 562 1240 Magna.
599 1192 688 1228 Jam
707 1189 896 1226 neminem
915 1204 1047 1229 eorum
1067 1192 1152 1229 VV.
1166 1192 1259 1229 DD.
1288 1191 1354 1240 qui
1382 1190 1595 1227 orationem
1615 1198 1683 1223 no-

232 1257 351 1287 stram
380 1257 596 1287 tractarunt
616 1249 735 1286 subiit
769 1261 967 1298 quaerere:
1012 1261 1091 1298 quo
1125 1252 1365 1299 potissimum
1400 1250 1538 1286 horum
1567 1245 1685 1284 trium

234 1309 419 1348 festorum
436 1311 574 1360 pugnis
594 1323 614 1347 a
637 1310 763 1346 Midia
780 1322 904 1346 caesus
927 1315 1031 1346 esset
1050 1309 1362 1346 Demosthenes?
1409 1310 1501 1354 Lex,
1523 1319 1611 1357 quae
1627 1319 1686 1344 re-

229 1370 370 1408 citatur
389 1381 416 1419 ᾗ.
433 1371 481 1417 γ’.
502 1383 671 1419 quaeque
691 1382 739 1406 ex
757 1383 803 1407 ea
818 1369 960 1419 repetit
979 1373 1111 1406 orator
1128 1371 1156 1410 ὗ.
1177 1368 1214 1406 δ’.
1239 1368 1394 1414 docent,
1424 1374 1516 1419 post
1546 1366 1687 1405 Pandi-

231 1445 355 1477 orum,
373 1431 432 1469 vel
450 1431 669 1477 Jovialium,
686 1431 825 1469 festum
847 1430 1002 1468 comitia
1017 1442 1062 1468 ea
1081 1443 1164 1468 esse
1177 1430 1311 1468 haberi
1328 1430 1454 1477 solita,
1472 1429 1614 1478 quibus
1636 1428 1686 1466 de

230 1492 404 1543 peccatis
438 1493 543 1531 circa
574 1493 761 1544 Dionysia
789 1493 992 1543 judicaret
1019 1491 1201 1543 populus,
1257 1492 1342 1530 Jam
1372 1491 1524 1530 videtur
1542 1491 1623 1529 fore
1644 1496 1690 1528 ut

231 1559 374 1603 pateat,
397 1568 483 1604 quae
511 1555 756 1605 potissimum
778 1554 1038 1604 intelligantur
1059 1552 1261 1604 Dionysia,
1282 1554 1314 1591 si
1343 1559 1496 1591 constet
1513 1553 1553 1590 in
1578 1551 1689 1601 quod

232 1620 385 1664 tempus
411 1615 499 1652 anni
533 1616 746 1654 ceciderint
777 1615 952 1654 Jovialia.
1009 1615 1066 1652 Ea
1097 1621 1225 1652 autem
1256 1615 1304 1662 (si
1333 1614 1451 1652 modo
1479 1612 1630 1652 Πάνδια
1650 1618 1691 1650 et

232 1679 371 1713 Διάσια
393 1676 529 1714 eadem
562 1684 652 1714 sunt
685 1677 796 1723 festa,
819 1676 926 1726 qnod
959 1675 1134 1726 Tayloro
1154 1676 1268 1713 facile
1292 1676 1426 1723 credo)
1452 1675 1689 1713 scholiastes

233 1736 504 1787 Aristophanis
525 1737 573 1775 ad
596 1738 703 1776 Nub.
724 1743 816 1778 407.
841 1750 971 1775 mense
1000 1737 1299 1775 Anthesterione
1327 1736 1556 1787 (respondet
1575 1736 1605 1773 is
1625 1747 1694 1772 no-

236 1799 324 1836 stris
352 1799 534 1836 Januario
564 1805 603 1837 et
640 1800 852 1838 Februario
883 1800 1091 1838 dimidiatis
1121 1799 1296 1850 singulis)
1320 1804 1484 1837 exeunte
1505 1795 1695 1837 celebrari

237 1860 350 1897 solita
369 1873 453 1897 esse
477 1867 620 1898 narrat.
676 1861 791 1899 Hunc
818 1863 850 1899 si
884 1861 1094 1911 sequimur,
1115 1873 1204 1910 quae
1234 1861 1309 1898 alia
1337 1866 1502 1911 possunt
1530 1855 1695 1906 sutelligi

233 1921 422 1973 Dionysia
437 1922 509 1960 nisi
530 1923 669 1960 Lenaea
689 1929 755 1961 aut
771 1923 1038 1971 Anthesteria,
1059 1934 1146 1972 quae
1170 1922 1361 1960 Lenaeone
1388 1927 1455 1959 aut
1484 1920 1695 1958 Antheste-

235 1983 342 2021 rione
379 1983 498 2030 (idem
531 1992 589 2021 est
626 1985 782 2030 mensis,
810 1984 992 2034 idemque
1029 1982 1186 2028 festum,
1224 1983 1374 2033 duplici
1412 1981 1696 2032 appellatione)

239 2043 564 2081 celebrabantur?
593 2045 652 2081 Eo
681 2045 799 2095 igitur
819 2044 919 2082 festo
939 2044 1138 2094 vapulavit
1168 2044 1463 2081 Demosthenes.
1520 2042 1598 2080 Sed
1624 2043 1696 2080 ob-

237 2111 326 2152 stat,
349 2105 455 2154 quod
489 2106 570 2155 ipse
590 2105 687 2143 dicit
705 2114 734 2153 §.
756 2107 812 2145 κά.
832 2105 899 2142 fin.
927 2106 1096 2144 ἐναντίον
1116 2107 1271 2142 πολλῶν
1290 2127 1339 2134 —
1357 2106 1465 2150 ξένων
1480 2125 1533 2131 ——
1552 2101 1697 2153 ὑβριζό-

239 2183 325 2217 μην.
346 2166 397 2203 cf.
418 2166 533 2204 etiam
561 2176 589 2215 ς.
610 2172 674 2205 60.
700 2173 789 2216 post
807 2166 908 2204 med.
941 2166 1090 2203 Lenaeis
1117 2166 1219 2203 enim
1241 2165 1440 2216 Dionysiis
1474 2177 1551 2202 non
1578 2165 1697 2202 inter-

239 2233 347 2264 erant
360 2227 684 2276 peregrini,quod
700 2227 818 2265 docet
838 2227 1058 2265 luculentus
1072 2227 1348 2276 Aristophanis
1365 2227 1476 2263 locus
1495 2226 1533 2262 in
1551 2225 1700 2263 Achar-

240 2287 423 2324 nensibus
439 2301 473 2324 v.
490 2292 582 2326 501.
603 2293 694 2326 502.
752 2288 842 2333 Quo
859 2287 1029 2333 accedit,
1052 2287 1254 2337 Dionysia,
1276 2287 1306 2324 si
1323 2286 1549 2336 simpliciter
1564 2285 1699 2336 appel-

242 2348 382 2393 lentur,
411 2361 430 2384 e
461 2348 687 2386 Ruhnkenii
719 2349 922 2393 sententia,
958 2347 1174 2385 manifestis
1207 2347 1439 2397 argumentis
1469 2345 1620 2383 firmata
1640 2358 1700 2392 ea,

241 2407 490 2458 intelligenda
510 2422 594 2446 esse
624 2422 774 2458 magna,
795 2409 856 2446 vel
885 2408 1044 2445 urbana.
1101 2408 1191 2450 Quo
1213 2408 1337 2445 minus
1363 2407 1497 2456 itaque
1517 2412 1699 2456 putemus

244 2469 422 2518 injuriam
443 2481 462 2505 a
482 2468 607 2505 Midia
623 2469 766 2506 factam
787 2482 869 2506 esse
892 2467 1147 2506 Demostheni
1174 2468 1385 2510 Διονυσίοις
1406 2469 1586 2512 ἀστικοῖς,
1607 2467 1703 2504 nihil

242 2529 406 2579 impedit
436 2529 507 2566 nisi
530 2529 766 2566 Scholiastes
791 2530 853 2566 ille
888 2529 1173 2578 Aristophanis,
1207 2528 1374 2567 Jovialia
1406 2528 1528 2565 mensi
1553 2528 1702 2565 Anthe-

245 2591 403 2628 sterioni
441 2590 651 2640 assignans,
688 2603 776 2627 cum
815 2603 952 2639 magna
997 2589 1189 2627 Liberalia
1224 2602 1355 2626 mense
1391 2589 1701 2638 Elaphebolione

244 2651 478 2700 (Februario
509 2657 642 2688 nostro
673 2657 711 2688 et
746 2651 891 2687 Martio
921 2650 1080 2707 aequali)
1107 2651 1412 2688 celebrarentur.
1482 2650 1575 2694 Sed,
1598 2648 1702 2686 idem

245 2716 277 2751 si
296 2714 435 2751 erroris
456 2714 658 2751 convictus
680 2721 752 2759 est,
782 2713 820 2751 in
852 2713 1054 2751 miscendis
1076 2713 1265 2759 Ληναίοις
1294 2719 1332 2750 et
1357 2719 1435 2754 τοῖς
1457 2713 1531 2748 κατ’
1551 2711 1703 2761 α’γροῦς,

245 2788 267 2812 a
284 2788 433 2812 summo
454 2775 699 2820 Ruhnkenio,
718 2775 765 2812 ad
789 2775 1096 2812 Acharnensinrn
1123 2787 1158 2811 v.
1174 2778 1280 2820 201„
1296 2773 1433 2824 quidni
1452 2784 1552 2818 eum,
1568 2770 1702 2810 itidem

248 2837 287 2873 in
314 2843 488 2886 tempore
523 2844 593 2875 τῶν
612 2837 791 2875 Πανδίων
821 2837 1076 2886 designando,
1108 2837 1382 2874 hallucinatum
1412 2847 1492 2872 esse
1529 2833 1704 2883 suspice-

248 2908 344 2941 mur,
376 2910 463 2934 cum
491 2898 584 2936 nihil
618 2904 805 2948 praeterea
836 2898 921 2947 ejus
955 2897 1158 2936 sententiae
1186 2896 1342 2935 faveat?
1386 2894 1644 2945 Harpocratio
1664 2900 1705 2933 et

298 2966 382 2990 voL.
404 2967 459 2992 111.
972 2970 991 2992 c
