1912 3187
582 319 1182 392 LTAYLORI

680 467 1094 511 PRAEFATIO

859 589 904 608 AD

223 674 1537 747 ORNHONEM1DEMOSHHQHS

470 828 735 872 CONTRA
779 825 1286 870 ARISTOGITONA.

153 937 443 985 SEQUUNTUR
464 935 552 974 duae
584 936 621 973 in
647 933 935 984 Aristogitona:
967 946 1131 984 quarum
1149 938 1324 971 neutram
1348 931 1502 969 Lectori
1522 944 1608 982 per-

152 999 307 1049 placere
327 1012 440 1049 posse
459 999 612 1048 judico,
633 1012 655 1035 a
674 998 918 1036 Timocratea
940 997 1100 1043 recenti,
1122 996 1368 1045 caeterisque,
1386 1008 1475 1045 quae
1490 995 1608 1033 modo

152 1060 350 1109 praeivere.
407 1060 519 1098 Adeo
553 1061 666 1109 longe
702 1059 844 1097 distare
878 1072 898 1096 a
934 1058 1242 1096 Demosthenica
1271 1058 1320 1102 vi,
1359 1063 1476 1106 atque
1507 1056 1608 1095 infra

152 1123 238 1171 ejus
268 1121 421 1159 laudem
449 1121 587 1171 posit'ae
616 1134 699 1159 esse
731 1120 824 1157 mihi
851 1119 1042 1158 videntur.
1099 1120 1200 1157 Nam
1222 1119 1313 1156 dum
1334 1118 1611 1169 Aristogitonis

155 1195 283 1220 mores
303 1185 528 1228 insectatur,
550 1182 744 1220 hominem
761 1182 950 1232 increpat,
972 1194 1048 1218 non
1068 1181 1262 1231 percellit,
1280 1187 1322 1218 ut
1342 1193 1492 1230 semper
1513 1180 1612 1218 solet

154 1251 310 1282 noster:
340 1244 432 1282 dum
451 1244 499 1282 de
521 1244 620 1294 Rep.
643 1243 811 1290 disserit,
833 1243 939 1293 quod
968 1243 1043 1288 hic,
1064 1248 1209 1293 praeter
1238 1242 1409 1288 solitum,
1438 1242 1611 1292 longius-

154 1307 241 1344 cule
261 1306 368 1351 facit,
392 1308 445 1357 (et
465 1306 611 1343 interea
632 1319 741 1343 sorex
762 1305 823 1342 ille
852 1318 922 1342 suo
948 1317 987 1341 se
1014 1304 1157 1341 indicio
1184 1303 1374 1354 prodidit,
1401 1316 1490 1340 cum
1516 1311 1546 1354 ξ.
1569 1302 1611 1342 δ’.

153 1367 220 1406 fin.
245 1367 412 1405 scribat:
445 1367 523 1405 ἕότε
542 1369 602 1404 καὶ
621 1368 889 1417 συγχωρήσατέ
907 1381 982 1416 μοι,
1003 1368 1051 1408 ὡς
1080 1382 1107 1402 π
1120 1367 1136 1402 έ
1149 1373 1172 1416 φ
1187 1382 1207 1403 υ
1220 1381 1238 1401 κ
1252 1382 1275 1402 α
1304 1367 1362 1401 καὶ
1381 1365 1608 1419 προῄρημαι,

152 1432 232 1479 περὶ
250 1432 387 1468 τούτων
407 1428 662 1481 διαλεχθῆναι)
675 1427 887 1478 aliquando
908 1434 1014 1464 totus
1035 1426 1164 1477 friget,
1188 1427 1342 1476 qualem
1365 1426 1523 1471 dixeris,
1543 1425 1611 1475 qui

153 1504 258 1528 arma
276 1503 354 1528 non
375 1504 419 1527 ex
437 1490 652 1527 Rhetorum
669 1488 833 1526 officinis
855 1489 1045 1534 sumserit,
1064 1501 1195 1526 verum
1216 1501 1262 1525 ex
1285 1487 1611 1537 Philosophorum

153 1554 292 1591 umbra
326 1559 447 1603 atque
477 1552 821 1590 ambulationibus.
876 1552 1022 1589 Praeter
1055 1563 1115 1596 ea,
1153 1549 1355 1588 sententiis
1395 1549 1608 1600 saepissime

150 1615 271 1653 durus
285 1620 346 1652 est
361 1621 399 1652 et
414 1614 638 1664 impeditus,
655 1613 833 1651 turbidus
854 1613 971 1651 etiam
990 1618 1108 1662 atque
1129 1612 1357 1657 lutulentus,
1375 1617 1430 1662 et,
1451 1611 1483 1648 si
1503 1623 1611 1649 com-

150 1676 386 1727 positionem
413 1682 579 1726 specteS,
599 1688 726 1725 neque
747 1674 930 1727 numeris,
951 1687 1079 1724 neque
1100 1674 1238 1721 nitore,
1258 1674 1308 1711 ad
1335 1672 1610 1711 Demosthenis

152 1738 377 1776 felicitatem
398 1750 568 1787 unquam
588 1737 668 1775 fere
688 1737 868 1787 assurgit.
924 1737 1159 1786 Quanquam
1179 1735 1304 1786 probe
1325 1736 1501 1780 sentiam,
1523 1734 1611 1772 haec

153 1813 176 1838 a
196 1812 257 1837 me
273 1812 350 1837 non
370 1812 452 1837 esse
472 1799 644 1849 magistri
663 1799 713 1836 ad
734 1799 853 1836 instar
872 1798 1152 1849 praecipienda,
1174 1810 1308 1835 verum
1327 1796 1486 1834 omnino
1507 1797 1611 1845 ejus-

153 1862 258 1899 modi
277 1875 373 1907 esse,
395 1868 437 1899 ut
458 1874 774 1911 unumquemque
795 1861 868 1898 sibi
891 1874 936 1899 ea
957 1860 1064 1898 domi
1085 1866 1125 1899 et
1144 1860 1182 1897 in
1202 1866 1363 1911 pectore
1383 1858 1611 1910 saperessdo-

153 1929 253 1962 ceat.
310 1924 372 1961 De
402 1936 461 1960 me
493 1929 621 1960 autem
650 1923 757 1973 quod
779 1922 919 1967 dicam,
949 1922 1310 1960 Declamatiuncula
1334 1934 1416 1958 esse
1442 1919 1610 1965 videtur,

152 1991 262 2023 tanto
282 1985 436 2022 nomine
466 1984 639 2034 indigna,
671 1984 738 2022 sed
769 1984 924 2034 qualem
955 1983 1070 2021 hodie
1091 1984 1152 2021 vix
1178 1983 1394 2020 scribimus.
1452 1981 1610 2019 Mecum

153 2046 267 2084 etiam
288 2047 417 2091 sentit,
437 2046 509 2083 etsi
537 2046 672 2090 sciam,
692 2058 807 2094 quam
829 2058 966 2095 parum
987 2045 1112 2081 valeat
1131 2045 1168 2079 in
1190 2044 1296 2080 hisce
1316 2043 1431 2080 rebus
1446 2042 1611 2081 aliorum

153 2107 299 2158 opinio,
314 2107 569 2145 casaubonus
589 2107 653 2144 ille
674 2118 851 2155 magnus,
871 2105 1081 2147 Heraldus,
1105 2111 1144 2142 et
1164 2105 1368 2153 Duportus
1391 2110 1535 2143 noster.

206 2168 315 2206 Idem
343 2181 443 2218 pene
463 2173 546 2205 erat
573 2167 744 2217 priorum
764 2172 919 2204 aetatum
934 2165 1141 2215 judicium,
1163 2170 1215 2213 et,
1242 2165 1274 2203 si
1295 2178 1369 2216 qua
1392 2166 1454 2212 sit,
1473 2171 1609 2204 aucto-

151 2231 258 2269 ritas,
315 2230 460 2267 Proeter
490 2228 855 2279 Harpocrationem‚
887 2227 954 2277 qui
983 2240 1062 2266 non
1092 2240 1169 2265 uno
1199 2227 1237 2265 in
1267 2227 1354 2265 loco
1378 2228 1540 2278 ambigit
1559 2228 1609 2266 de

152 2305 284 2331 carum
313 2290 405 2337 fide,
434 2291 614 2329 disertius
641 2291 760 2342 paulo
791 2291 864 2328 Iul.
898 2290 1051 2340 Pollux,
1082 2290 1126 2328 L.
1146 2289 1196 2328 X.
1225 2290 1271 2327 C.
1294 2295 1357 2328 34.
1389 2296 1538 2340 ξ.155.
1569 2293 1610 2331 ἐν

150 2360 228 2397 τοῖς
256 2354 570 2404 ἐπιγραφομένοις
593 2351 861 2401 Δημοσθένους
890 2351 980 2402 πρὸς
999 2353 1324 2401 Ἀριστογείτονα.
1382 2352 1491 2390 Licet
1520 2367 1609 2401 vox,

153 2429 269 2466 quam
295 2428 342 2452 ex
369 2414 555 2464 suspectis
583 2413 657 2451 illis
687 2413 942 2452 Orationibus
971 2412 1077 2459 citet,
1098 2413 1137 2450 in
1167 2413 1273 2451 hisce
1301 2413 1452 2452 duabus
1481 2429 1609 2467 neque

152 2482 291 2522 exstet,
312 2487 439 2525 neque
470 2488 638 2524 unquam
666 2474 720 2512 ibi
740 2475 868 2513 locum
891 2474 1034 2512 habere
1063 2473 1235 2524 potuisse
1258 2473 1411 2523 judico.
1468 2477 1608 2528 Singu-

150 2539 238 2578 laris
258 2537 372 2589 plane
388 2542 449 2574 est
469 2536 607 2574 dehac
629 2549 669 2574 re
686 2536 865 2588 Dionysii
887 2535 1015 2573 Halic.
1029 2535 1150 2573 Crisis
1167 2549 1176 2573 :
1194 2539 1225 2573 εἰ
1243 2538 1370 2586 μέντοι
1387 2538 1478 2576 ἔνιοι
1501 2540 1609 2588 ψευδ-

151 2598 351 2652 επίγραφοῖ
380 2601 453 2636 εἱσι
483 2600 593 2647 λόγοι
613 2597 747 2644 ἀηδεῖς,
769 2599 828 2635 καὶ
846 2598 1014 2649 φορτικαὶ
1042 2598 1102 2634 καὶ
1119 2598 1283 2646 ἄγροικοι
1305 2602 1536 2645 κατασκευαὶ,
1557 2604 1607 2642 ὡς

153 2661 194 2698 ἐν
210 2664 253 2715 τῇ
282 2662 392 2698 κατὰ
418 2660 467 2697 Ἀ
481 2675 524 2709 ρι
538 2675 620 2697 στο
635 2675 686 2707 γε
700 2663 711 2696 ι’
726 2676 744 2697 τ
758 2675 776 2696 ο
792 2675 842 2696 νο
857 2675 874 2702 ς
903 2658 948 2696 Β.
967 2681 1020 2686 --
1038 2658 1078 2696 ἓν
1095 2659 1232 2701 ἄλλοις
1252 2674 1288 2696 τε
1319 2665 1485 2710 συχνοῖς,
1505 2662 1567 2703 οὓς
1586 2663 1606 2698 ὁ

154 2720 395 2771 Δημοσθένης
415 2723 478 2758 οὐκ
497 2720 676 2771 ἔγραψεν,
697 2726 852 2758 caetera.
873 2719 911 2757 in
926 2719 1036 2766 libr0‚
1055 2720 1122 2770 qui
1143 2720 1368 2758 inscribitur
1387 2737 1427 2758 π.
1440 2721 1607 2772 Δημοσθ.

156 2780 325 2827 ὃεινότητ.
345 2784 377 2828 ξ.
398 2786 462 2822 57.
518 2782 618 2819 Cum
648 2787 776 2820 tamen
802 2781 964 2827 videam,
985 2783 1158 2832 priorem
1187 2787 1335 2819 tantum
1361 2795 1394 2819 c.
1416 2782 1607 2834 Aristogi-

154 2847 244 2879 tona
273 2843 317 2880 iis
337 2843 436 2880 vitiis
465 2843 652 2890 laborare,
675 2856 764 2894 quae
791 2843 853 2881 isti
885 2844 1035 2881 censori
1056 2843 1278 2893 displicent,
1307 2842 1471 2880 alteram
1499 2845 1604 2884 illam

155 2903 192 2939 in
222 2909 356 2941 neutro
375 2916 513 2954 genere
536 2905 594 2942 vel
616 2905 699 2943 vitii
730 2905 789 2943 vel
811 2905 965 2943 virtutis
994 2904 1198 2953 excellere,
1223 2911 1273 2949 et,
1297 2904 1325 2940 si
1348 2904 1602 2945 Demostheni

212 2977 306 3003 von.
341 2978 406 3004 111.
876 2972 899 3004 2
922 2977 948 3001 Υ
