1912 3187
628 366 678 419 B
696 363 752 420 U
770 364 818 417 T
833 362 881 416 T
901 361 967 416 M
986 362 1039 416 A
1057 363 1113 416 N
1131 361 1187 416 N
1207 361 1233 413 I

719 503 1147 553 DISPUTATIO

390 640 475 682 DE
506 638 808 682 ORACULO
843 636 1178 679 DODONAEO
1211 634 1473 677 PRIORE.

869 738 910 775 p.
930 730 995 765 45.

254 851 502 893 Iurmnrms,
524 852 567 883 ut
592 849 699 891 vulgo
715 846 859 890 legitur,
878 847 934 879 est
956 845 1024 879 hoc
1042 844 1255 885 oraculum,
1277 855 1387 888 quam
1412 843 1527 888 primo
1544 841 1665 876 statim

203 906 340 940 intuitu
357 905 516 946 videtur,
532 903 749 947 conantique
767 901 891 935 obvias
908 899 1136 934 difficultates
1159 899 1294 940 tollere,
1310 897 1462 932 latentia
1484 896 1670 941 quaedam,

205 970 320 1004 eaque
336 959 511 1003 graviora,
530 958 601 992 alia
622 967 700 991 sese
719 955 876 990 offerunt
895 955 1027 996 ulcera,
1052 965 1136 999 quae
1167 953 1426 987 diuturniorem
1451 961 1597 995 operam
1612 961 1669 984 re-

205 1015 358 1060 quirunt
376 1025 397 1047 a
413 1013 594 1047 medente.
630 1012 725 1046 Eam
741 1010 778 1044 in
794 1020 869 1044 uno
882 1009 950 1043 hoc
968 1009 1047 1043 loco
1060 1009 1131 1042 mei
1144 1008 1259 1051 magis
1274 1008 1387 1052 pensi,
1401 1007 1462 1051 qui
1475 1016 1539 1050 per
1554 1005 1670 1039 otium

206 1069 300 1103 hanc
317 1067 573 1102 Demosthenis
589 1066 788 1100 orationem
811 1066 1078 1109 perlustrarem,
1096 1073 1205 1108 quam
1224 1062 1343 1104 amici,
1360 1061 1497 1106 putavi,
1514 1061 1575 1104 qui
1592 1060 1672 1093 uni-

207 1134 348 1158 versam
365 1122 511 1166 aequali,
535 1124 573 1155 at
588 1124 737 1165 propter
753 1120 930 1153 instantes
946 1119 1126 1152 nundinas
1143 1117 1397 1157 festinantiori,
1415 1115 1530 1149 stadio
1546 1125 1671 1148 recen-

209 1188 286 1211 sere
303 1180 340 1210 et
355 1176 418 1210 ubi
434 1186 527 1219 opus
549 1178 645 1208 esset
666 1174 842 1207 illustrare
866 1172 935 1206 sibi
959 1173 1193 1216 imposuerat.
1247 1172 1369 1213 Quam
1390 1171 1482 1203 bene
1507 1169 1575 1202 hoc
1593 1179 1673 1202 mu-

209 1242 295 1264 nere
313 1231 505 1264 defunctus
522 1231 601 1272 sim,
620 1228 724 1273 periti
741 1238 838 1262 nunc
853 1228 1013 1263 videant.
1050 1228 1121 1262 Sed
1136 1238 1222 1262 cum
1239 1227 1421 1261 audaciori
1439 1236 1558 1270 penna
1574 1227 1611 1259 in
1629 1236 1673 1259 eo

210 1288 363 1329 vagatus
380 1285 458 1326 sim,
482 1295 574 1329 opus
595 1284 662 1317 erit
683 1283 866 1326 integrum
891 1283 1022 1325 locum,
1046 1286 1154 1327 prout
1179 1286 1286 1316 antea
1308 1281 1505 1325 legebatur,
1530 1280 1588 1314 hic
1610 1279 1675 1314 de-

212 1340 388 1374 scribere:

257 1397 312 1437 Τῷ
328 1394 421 1437 δήμῳ
447 1397 516 1427 τῶν
539 1393 732 1433 Ἀθηναίων
753 1393 770 1425 ὁ
795 1394 853 1424 τοῦ
880 1393 957 1431 Διὸς
974 1393 1140 1435 σημαίνει.
1168 1392 1219 1425 ὅτι
1243 1393 1306 1430 τὰς
1328 1392 1415 1434 ὥρας
1442 1389 1672 1434 παρηνέγκατε

211 1451 275 1488 τῆς
286 1449 408 1487 θυσίας
421 1449 475 1480 καὶ
490 1449 552 1487 τῆς
563 1448 715 1491 θεωρίας,
727 1446 874 1490 αἱρετοὺς
891 1446 1036 1491 πέμπειν
1053 1447 1176 1480 κελεύει
1187 1448 1330 1490 θεωροὺς
1342 1446 1450 1487 ἐννέα,
1465 1446 1518 1477 καὶ
1535 1446 1676 1484 τούτους

210 1503 263 1536 διὰ
285 1502 418 1546 ταχέων
438 1505 488 1546 τῷ
503 1505 557 1535 Διῗ
572 1505 620 1544 τῷ
636 1502 820 1544 Δωδωναίῳ
838 1501 987 1546 ἁροτρεῖς
1007 1503 1102 1543 βοῦς,
1125 1503 1180 1534 καὶ
1204 1504 1289 1545 πρὸς
1307 1501 1434 1543 ἑκάστῳ
1452 1500 1509 1532 ὃὺο
1529 1500 1675 1542 βοὴσεις.

211 1561 254 1602 τῇ
270 1558 302 1590 δὲ
319 1559 428 1601 Διώνῃ
443 1558 531 1600 βοῦν
545 1558 599 1590 καὶ
616 1558 707 1589 ἄλλα
723 1557 833 1600 ἱερεῖα,
848 1558 903 1589 καὶ
918 1557 1089 1600 τράπεζαν
1103 1558 1253 1600 χαλκῆν.
1271 1557 1326 1589 καὶ
1341 1557 1436 1598 πρὸς,
1450 1557 1487 1588 τὸ
1501 1555 1676 1599 ἀνάθημα,

211 1616 230 1647 ὃ
247 1612 409 1652 ἀνέθηκεν
426 1613 444 1646 ὁ
461 1612 565 1656 δῆμος
583 1613 600 1644 ὁ
618 1608 825 1652 Ἀθηναίων.

260 1667 365 1701 Prius
392 1669 540 1710 tangam
566 1677 649 1710 quae
676 1665 790 1709 magis
814 1664 1012 1698 offendunt.
1064 1665 1115 1698 Et
1140 1664 1191 1698 sic
1218 1674 1304 1697 sane
1330 1663 1492 1697 eminent
1518 1665 1678 1696 monstra

214 1724 360 1765 βοὴσεις,
377 1732 461 1766 quae
480 1732 564 1755 cum
581 1721 696 1754 bobus
712 1720 891 1754 immolari
910 1720 1053 1754 debent.
1103 1720 1165 1753 Ex
1188 1719 1357 1753 omnibus
1382 1729 1465 1763 quae
1486 1718 1530 1752 ad
1549 1728 1679 1752 sanan-

216 1777 302 1810 dam
317 1786 446 1810 vocem
462 1776 661 1809 afferuntur
676 1775 764 1808 nihil
780 1775 894 1818 magis
911 1785 951 1808 se
968 1775 1212 1816 commendat,
1238 1784 1347 1818 quam
1373 1774 1472 1818 quod
1496 1776 1589 1807 teste
1605 1773 1679 1806 Ita·

215 1831 285 1864 lico
302 1832 512 1863 annotatore
527 1828 651 1873 (quem
668 1829 795 1863 laudat
810 1829 960 1873 Taylor)
979 1830 1000 1847 “
1015 1830 1212 1872 opinantur
1228 1829 1378 1873 quidam
1398 1827 1615 1872 legendum”
1630 1825 1682 1867 οἷς

217 1886 305 1927 sive,
322 1887 365 1918 ut
380 1887 478 1918 recte
495 1885 642 1927 corrigit
658 1884 800 1928 Taylo1·‚
818 1886 878 1923 ὄϊς.
924 1884 1000 1918 Aut
1016 1894 1083 1927 ego
1099 1884 1212 1924 fallor,
1230 1886 1294 1917 aut
1310 1883 1378 1916 hoc
1396 1893 1470 1916 non
1485 1885 1540 1916 est
1556 1882 1600 1915 ab
1616 1882 1680 1915 ha-

216 1940 396 1981 riolatore‚
414 1939 477 1972 sed
501 1940 716 1982 excerptum
733 1949 752 1971 e
769 1938 851 1971 MS.
903 1938 989 1972 Duo
1014 1941 1118 1971 erant
1143 1948 1225 1981 quae
1252 1937 1341 1971 mihi
1365 1936 1457 1970 hanc
1485 1936 1680 1970 lectionem

218 1995 423 2039 probarent.
472 1994 634 2027 Primum
653 1993 750 2038 quod
767 1993 818 2026 sic
835 1993 956 2027 statim
969 1993 1138 2027 videbam
1157 1992 1253 2026 unde
1270 1994 1355 2026 nata
1372 1992 1565 2035 corruptio.
1607 1992 1683 2026 Scir

218 2049 304 2083 licet
320 2058 385 2093 pro
401 2049 459 2082 δύο
481 2050 530 2088 ὅῖς
552 2048 726 2092 scriptum
745 2050 821 2081 erat
836 2048 873 2081 in
891 2047 1013 2091 aliquo
1031 2048 1155 2081 codice
1172 2047 1207 2089 β’
1224 2049 1283 2089 ὄϊς,
1300 2047 1409 2091 quod,
1428 2056 1512 2080 cum
1529 2046 1684 2080 coaluis-

222 2104 328 2138 setin
344 2105 429 2147 βόῖς,
454 2114 522 2137 nec
539 2104 800 2147 intelligeretur
819 2113 912 2136 verae
930 2103 1075 2136 lectioni
1098 2103 1136 2136 in
1159 2102 1230 2136 alio
1246 2103 1372 2136 codice
1388 2102 1687 2146 superscriptum,

223 2168 309 2192 mox
327 2168 348 2191 a
363 2157 498 2192 rudion'
514 2157 659 2192 librario
681 2158 776 2191 inter
791 2158 887 2200 ipsas
910 2157 989 2190 illas
1011 2158 1103 2191 duas
1127 2168 1233 2191 voces
1250 2157 1437 2195 insertum,
1459 2167 1542 2190 cum
1571 2157 1685 2190 altera

224 2223 347 2246 earum
364 2213 493 2246 iterum
512 2213 647 2246 coaluit
664 2213 699 2246 in
717 2212 910 2256 pessimam
928 2212 1145 2256 scripturam
1168 2213 1307 2255 βοϊσοις,
1322 2214 1467 2254 βοησεις.
1517 2210 1684 2245 Alterum

223 2267 430 2311 praesidium
448 2277 495 2300 ex
512 2267 591 2311 ipsa
611 2278 649 2300 rc
672 2267 756 2301 huic
781 2266 927 2300 lectioni
947 2267 1107 2308 accedit3
1132 2267 1242 2300 ritum
1260 2267 1355 2300 enim
1375 2266 1576 2310 antiquum,
1593 2266 1687 2300 desi-

225 2324 375 2366 gnatum
391 2321 570 2363 ea‚firmat
583 2333 654 2355 vox
669 2321 919 2366 antiquissima
934 2322 1087 2356 Latina:
1107 2321 1307 2367 umbegnus,
1319 2332 1412 2365 quae,
1427 2321 1580 2355 testibus
1594 2321 1629 2354 V
1632 2332 1687 2354 ar-

225 2387 324 2418 rone,
342 2377 462 2417 Festo,
480 2379 517 2409 et
533 2376 622 2417 aliis,
636 2377 681 2410 de
699 2377 815 2410 bobus
832 2376 993 2411 maxime
1011 2379 1185 2420 usurpata
1202 2378 1267 2417 est,
1283 2376 1345 2420 qui
1362 2375 1511 2421 religato
1526 2375 1688 2421 utrinque

227 2443 318 2477 agno
333 2432 378 2465 ad
397 2442 496 2464 aram
513 2431 748 2464 ducebantur.

276 2486 348 2520 Sed
364 2487 460 2530 ipsos
477 2485 585 2519 hosce
613 2485 722 2518 boves
738 2485 868 2519 merito
885 2485 1021 2519 mireris
1043 2495 1235 2519 numerum
1259 2486 1401 2519 nullum
1418 2485 1487 2519 sibi
1504 2485 1688 2529 adjectum

229 2540 372 2583 habere,
389 2551 471 2574 cum
493 2542 628 2580 tamen,
650 2539 749 2583 quod
772 2549 880 2573 nenio
897 2542 1184 2583 exspectaverat,
1208 2550 1317 2583 supra
1339 2542 1450 2584 Θεωροὶ
1475 2550 1518 2573 eo
1542 2540 1613 2573 siut
1630 2539 1691 2572 de-

230 2595 332 2630 finiti.
384 2595 513 2638 Ipsum
540 2594 635 2627 enim
656 2593 748 2627 illud
774 2595 871 2627 ἐννέα
897 2594 943 2626 ad
966 2593 1089 2636 boves,
1115 2595 1188 2629 sive
1212 2594 1488 2628 ratiocinatione
1511 2594 1585 2628 sive
1611 2594 1692 2636 ipsa

232 2648 514 2690 constructione,
540 2648 692 2690 trahere,
711 2658 783 2681 non
808 2648 877 2681 nisi
898 2647 1020 2681 invitis
1036 2647 1158 2682 Musis
1176 2649 1328 2682 coneris.
1377 2649 1475 2690 Quid
1495 2658 1598 2692 porro
1625 2646 1693 2680 sibi

233 2704 312 2738 vult
325 2704 412 2737 mira
425 2704 487 2738 illa
499 2704 610 2738 boum
624 2703 783 2738 definitio
800 2703 971 2748 ἀροτρεῖςῖ
996 2702 1115 2743 Quid?
1140 2706 1263 2737 contra
1277 2703 1519 2737 sanctissimas
1533 2702 1693 2735 omnium

236 2760 448 2803 populorum
463 2760 574 2803 leges,
591 2760 718 2793 bovem
737 2762 853 2792 aratro
870 2759 1091 2792 destinatum
1119 2762 1275 2793 mactare
1292 2759 1360 2803 ipsi
1378 2759 1440 2792 Dii
1458 2757 1695 2801 praecipiunt?

240 2813 290 2846 Et
305 2815 399 2847 unde
416 2815 561 2848 tandem
580 2825 651 2848 vox
668 2814 747 2848 haec
766 2815 926 2858 ἁροτρεῖς,
941 2824 1026 2857 quae
1040 2824 1127 2847 usus
1146 2824 1215 2847 non
1235 2814 1380 2857 quidem
1399 2812 1533 2845 nullius
1547 2812 1696 2855 (legitur

241 2868 335 2901 onim
354 2880 410 2913 ap.
427 2869 607 2904 Theocrit.
627 2871 684 2904 25,
707 2872 735 2903 1,
755 2879 872 2913 neque
901 2871 1022 2902 tamen
1048 2869 1084 2902 in
1108 2868 1274 2902 omnibus
1302 2866 1413 2911 Edd.)
1441 2868 1503 2900 sed
1525 2866 1696 2901 rarissimi
