1912 3187
260 152 327 198 10
632 155 982 200 SPALDINGII
1019 155 1335 198 PRAEFATIO

254 270 391 309 Suidas
421 269 584 309 Jovialia
611 275 699 319 post
733 266 925 305 Liberalia
953 264 1070 302 fuisse
1100 264 1298 302 celebrata
1330 266 1499 313 narrant,
1516 274 1596 313 quo
1615 259 1704 312 ipso

254 345 405 382 magna,
427 332 486 370 vel
521 331 680 375 urbana,
705 330 867 367 innuunt
899 326 1098 365 Liberalia.
1157 325 1197 363 Si
1218 325 1311 363 velis
1336 325 1468 376 itaque
1489 323 1703 363 defendere

253 394 450 432 Scliolium
479 392 527 430 ad
552 392 667 430 Arist.
696 391 842 434 Nubes,
863 389 1018 440 Taylori
1045 387 1230 425 rationem
1258 387 1413 425 deseras
1440 398 1598 425 necesse
1628 389 1704 430 est,

252 460 291 492 et
310 453 447 492 Διάσια
478 467 500 491 a
524 453 708 495 Πιινὲιόις
742 452 896 490 differre
916 462 1111 501 agnoscas
1172 449 1226 486 Ea
1248 455 1307 487 est
1327 448 1478 487 Corsini
1507 447 1545 485 in
1576 446 1704 485 Fastis

252 516 393 553 Atticis
418 515 620 561 sententia,
640 514 707 563 qui
735 513 870 551 Διάσια
889 510 1178 550 Antliesterioni
1195 510 1378 560 assignat,
1397 509 1549 547 Πάνδια
1574 512 1704 546 autem

254 576 566 626 Elaplicbolioni.
621 576 706 613 Jani
728 575 824 612 ratio
853 573 1054 613 reddenda
1080 579 1138 610 est
1164 572 1342 610 lectionis
1362 585 1384 610 a
1407 584 1466 609 me
1496 570 1535 608 in
1554 573 1704 608 textum

252 645 420 688 recepta!
439 651 447 675 :
478 642 520 690 τῇ
541 639 715 688 ὑστεραίᾳ
742 644 814 674 τῶν
851 635 1041 674 Πανδίων.
1099 634 1227 672 Nullis
1247 647 1292 672 ea
1314 633 1443 672 Codd.
1464 631 1614 678 nititur,
1633 629 1705 669 sed

249 704 308 737 est
334 712 354 736 e
392 699 621 748 conjectura
656 698 848 736 Palmerii.
904 697 1099 736 Firmatur
1127 702 1256 734 tamen
1284 696 1391 742 satis,
1420 694 1540 746 ipsius
1559 693 1706 731 Demo-

251 759 398 797 sthenis
417 763 460 807 (ξ.
483 759 542 806 ἵ.)
573 760 720 803 verbis;
754 766 795 797 ut
824 759 975 798 licuerit
1001 771 1086 796 eam
1107 759 1190 796 sine
1210 756 1457 796 dubitatione
1483 754 1523 792 in
1541 752 1609 792 tali
1624 752 1707 791 edi-

249 821 353 857 tione
384 821 610 871 exprimere,
645 834 715 870 pro
743 820 870 859 Codd.
901 826 940 858 et
969 819 1060 858 edd.
1082 819 1294 869 depravato
1316 819 1411 856 illo:
1443 817 1483 855 ἐν
1506 813 1705 854 Πανδίονι.

251 882 389 918 Restat
420 891 485 927 τῆς
505 891 656 930 πομπῆς
676 886 725 932 τῷ
746 884 909 933 Διονύσῳ
931 881 970 918 ἐν
991 881 1160 931 Πειραιεῖ
1187 880 1332 918 mentio
1361 883 1407 929 (§.
1428 877 1470 916 δ’.
1490 876 1612 924 facta)
1636 887 1705 912 uo-

250 941 314 979 bis
347 943 615 992 expendenda.
673 943 915 981 Memoratur
941 943 1016 980 hoc
1044 941 1186 980 festum
1207 943 1282 979 hoc
1308 953 1386 978 uno
1406 940 1509 985 loco,
1535 942 1578 975 ut
1605 934 1707 974 diffi-

250 1002 322 1039 cile
346 1003 394 1040 sit
413 1004 558 1053 aliquid
583 1004 680 1042 certi
701 1004 749 1041 de
769 1017 815 1041 eo
835 1009 1016 1041 statuere.
1075 1003 1113 1042 Si
1134 1008 1371 1053 reputemus,
1399 1000 1472 1039 tria
1499 998 1614 1038 etiam
1641 996 1706 1034 hic

250 1065 464 1102 enumerari
495 1066 685 1117 Dionysia
705 1070 745 1103 et
764 1072 941 1103 constare
962 1065 1010 1102 de
1031 1069 1162 1118 πομπῇ
1183 1068 1226 1119 τῇ
1247 1065 1307 1101 ἐπὶ
1322 1060 1482 1113 Ληναίῳ
1501 1059 1644 1110 pariter
1658 1070 1706 1096 ac

250 1123 298 1161 de
320 1130 396 1168 τοῖς
427 1126 467 1163 ἐν
482 1126 589 1164 ἄστει
626 1127 850 1171 Διονυσίοις,
887 1124 1079 1175 reliquum
1099 1138 1183 1161 esse
1211 1124 1351 1162 festum
1384 1120 1623 1160 Liberalium
1641 1131 1706 1157 ru-

248 1185 385 1222 ralium
406 1186 627 1237 apparebit.
676 1186 784 1230 Quid
806 1186 837 1223 si
854 1186 949 1223 illud
971 1192 1030 1221 cst
1049 1184 1175 1232 ipsum
1203 1185 1278 1220 hoc
1311 1184 1351 1221 ἐν
1367 1181 1565 1233 Πειραιεῖῖ
1620 1180 1704 1218 De-

247 1260 332 1285 mus
354 1249 478 1285 tribus
517 1247 869 1297 Ilippotlmontidis
900 1250 985 1283 erat
1018 1244 1101 1294 ipse
1127 1245 1314 1291 Piraeeus,
1349 1244 1457 1295 quod
1496 1241 1706 1282 luculentis

246 1308 475 1345 testimoniis
508 1306 680 1344 ostendit
702 1305 896 1342 Meursius
928 1305 967 1342 in
1002 1305 1165 1344 Piraeeo.
1221 1307 1267 1342 In
1301 1305 1426 1343 demis
1453 1309 1582 1342 autem
1616 1315 1705 1353 age-

247 1369 388 1406 bantur
412 1367 590 1405 Διονύσια
608 1370 654 1403 τὰ
674 1367 750 1403 κατ’
769 1366 922 1415 ἀγροὺς,
942 1371 986 1402 ut
1014 1378 1059 1403 ex
1082 1366 1353 1416 Aristophanis
1384 1363 1702 1403 Acharneusibus

245 1429 364 1467 docet
397 1428 648 1466 Ruhnkenius
682 1428 707 1465 l.
729 1440 780 1475 c.,
810 1440 888 1476 quo
923 1427 1121 1477 pertinent
1147 1427 1233 1465 haec
1266 1427 1511 1477 potissimum
1551 1425 1704 1463 Comici

244 1490 359 1527 verba
379 1493 429 1538 (V.
451 1491 699 1535 263—267):
729 1491 853 1540 φαλῆς
870 1509 921 1516 --
935 1488 1021 1539 ἕκτῳ
1050 1489 1081 1526 σ’
1101 1487 1171 1526 ἔτει
1204 1494 1421 1539 προσεῖπον,
1448 1489 1500 1530 εἰς
1519 1486 1583 1525 τὸν
1603 1491 1628 1508 “
1642 1486 1704 1532 δῆ-

245 1553 338 1602 μον”
357 1552 474 1589 ἐλθὼν
500 1553 674 1600 ἅσμενος.
731 1551 947 1600 Optaverat
967 1555 1095 1588 autem
1121 1555 1235 1588 antea
1253 1553 1304 1599 (v.
1319 1550 1415 1599 250)
1432 1549 1535 1587 idem
1555 1548 1623 1599 qui
1639 1547 1704 1586 illa

243 1612 341 1650 (licit
368 1612 620 1662 Dicaeopolis,
642 1618 686 1649 ut
714 1611 786 1648 sibi
817 1612 949 1649 liceret
979 1613 1210 1660 εἰγαγεῖν-
1228 1615 1274 1649 τά
1309 1613 1385 1649 κατ’
1419 1609 1556 1661 εἷγρούς
1575 1610 1704 1648 Διονύ-

245 1690 321 1711 σια.
377 1673 562 1722 Ejusdem
584 1673 734 1721 generis
755 1672 935 1721 videntur
965 1686 1049 1711 esse
1069 1677 1117 1711 τιὶ
1145 1675 1186 1712 ἐν
1214 1674 1406 1725 Βραυρῶνι
1438 1673 1631 1719 Διονύσια,
1651 1671 1702 1709 de

244 1735 387 1784 quibus
408 1741 464 1772 est
485 1734 768 1772 Ilemsterhusii
789 1734 1006 1785 disputatio
1022 1735 1071 1773 ad
1093 1735 1263 1773 Pollucis
1280 1735 1346 1772 lib.
1363 1740 1401 1773 9.
1423 1739 1487 1775 74.
1510 1746 1550 1784 p.
1579 1737 1700 1772 1046.

242 1796 320 1842 Sic,
338 1809 409 1846 pro
429 1796 554 1841 variis,
577 1796 649 1839 ubi,
667 1797 870 1846 agebatur,
891 1795 1028 1846 demis,
1050 1797 1154 1834 varia
1184 1796 1350 1834 fortasse
1376 1794 1597 1833 asciscebat
1629 1806 1700 1831 no-

242 1857 344 1894 mina
376 1857 594 1894 universum
627 1858 701 1894 hoc
733 1857 967 1895 Liberalium
995 1857 1179 1895 ruralium
1199 1857 1363 1901 festum3
1398 1868 1527 1906 neque
1558 1855 1700 1894 mirum

241 1919 303 1963 sit,
325 1918 357 1955 si
382 1918 589 1955 Piraeensia
607 1918 815 1965 Liberalia,
835 1924 1020 1968 tanquam
1041 1919 1182 1956 ceteris
1202 1918 1368 1956 clariora
1398 1922 1437 1955 et
1465 1916 1603 1966 majori
1630 1929 1698 1967 ap-

240 1985 379 2028 paratu
406 1979 467 2029 agi
496 1979 608 2016 solita
643 1992 715 2029 pro
743 1985 826 2017 toto
860 1993 1000 2029 genere
1029 1979 1107 2017 h.l.
1139 1987 1412 2017 memorentur.
1471 1978 1584 2016 Hanc
1601 1990 1698 2027 qua-

241 2039 473 2089 lemcunque
493 2041 761 2089 conjecturam
781 2041 1017 2078 eruditorum
1047 2040 1227 2086 examini,
1247 2040 1406 2077 meliora
1425 2038 1557 2077 doceri
1586 2052 1698 2090 para-

239 2106 314 2146 tus,
336 2101 524 2150 relinquo.
582 2102 642 2138 De
669 2101 851 2150 choragia
878 2102 951 2138 lioc
987 2102 1074 2139 loco
1104 2102 1330 2152 disputandi
1360 2101 1481 2139 otium
1501 2101 1580 2139 fere
1604 2102 1698 2140 mihi

239 2160 331 2198 fecit
362 2161 547 2198 Libanius
579 2162 616 2198 in
652 2168 893 2211 argumento,
929 2162 992 2199 cui
1026 2162 1170 2200 addere
1197 2162 1352 2212 juvabit
1377 2163 1417 2200 F.
1439 2164 1487 2199 A.
1508 2162 1638 2200 Wolfii
1658 2163 1697 2200 in

239 2223 415 2271 Prolegg.
449 2222 497 2258 ad
526 2221 755 2272 Leptineam
775 2226 828 2272 (p.
851 2226 941 2262 371.
963 2237 1076 2273 seqq.
1097 2224 1170 2261 vol.
1193 2224 1262 2272 ΙΙ.)
1295 2224 1350 2261 rei
1382 2223 1695 2273 explicationem.

238 2285 348 2321 Illam
366 2291 523 2333 tangere
537 2284 650 2321 liceat
665 2284 935 2333 quaestiouem,
953 2286 1076 2334 qualis
1092 2285 1207 2322 suerit
1225 2286 1268 2330 is,
1285 2297 1398 2334 quem
1410 2284 1697 2323 Demosthenes

239 2345 432 2390 instruxit,
453 2345 624 2383 chorus?
654 2345 819 2382 Duobus
847 2345 1032 2382 orationis
1067 2352 1209 2383 nostra:
1240 2346 1348 2390 locis,
1369 2347 1397 2386 ἑ.
1413 2348 1448 2390 ἡ.
1470 2345 1535 2384 ubi
1553 2358 1695 2383 memo-

237 2413 371 2443 rantur
389 2407 421 2442 oi
443 2408 557 2455 κριταὶ
590 2409 636 2456 τῷ
667 2408 788 2453 ἀγῶνι
822 2413 894 2444 τῶν
921 2407 1078 2456 ἀνὲρῶν,
1106 2414 1144 2444 et
1169 2413 1197 2452 ξ.
1218 2407 1288 2458 pff.
1309 2408 1374 2445 ubi
1403 2407 1458 2445 ait
1489 2412 1621 2445 noster
1653 2420 1694 2445 se

237 2468 525 2517 κεχορηγηκέιίιι
546 2469 726 2512 αὐληταῖς
746 2466 902 2517 &ripam
925 2469 1015 2505 satis
1033 2476 1208 2518 apparet,
1231 2469 1432 2506 tibicinum
1453 2467 1571 2505 fuisse
1591 2481 1694 2507 eum.

236 2528 368 2577 Kpcrai
403 2532 529 2563 autern
553 2526 617 2571 illi,
638 2532 727 2575 post
747 2526 894 2564 editum
921 2528 959 2565 in
981 2528 1134 2566 theatro
1156 2542 1306 2575 munus,
1324 2534 1427 2566 sorte
1447 2527 1694 2566 ducebantur

236 2587 288 2625 ab
312 2587 528 2631 Arelionte,
550 2586 639 2624 sesti
660 2586 918 2626 moderatore.

288 2647 446 2696 Injuriae
477 2660 496 2684 a
520 2647 782 2685 Demosthene
804 2656 977 2700 acceptae
1000 2663 1119 2700 genus
1139 2650 1270 2700 paullo
1292 2649 1462 2688 curatius
1497 2662 1691 2700 exponere

236 2722 311 2746 non
334 2709 384 2746 ab
416 2721 454 2746 re
475 2708 605 2746 fuerit.
653 2709 806 2746 Dicitur
836 2711 1032 2754 κονδύλους
1051 2713 1252 2761 εἰληφέναι.
1284 2716 1308 2734 “
1326 2712 1511 2749 Κόνέυλοι
1532 2711 1692 2761 proprie

235 2776 326 2807 sunt
356 2770 449 2819 ipsae
480 2770 728 2807 articulorum
761 2770 798 2807 in
828 2770 960 2821 digitis
991 2772 1276 2822 prominentiae,
1298 2779 1416 2822 atque
1448 2771 1538 2810 inde
1573 2772 1690 2809 etiam

235 2831 351 2880 plaga
381 2831 555 2869 articulis
600 2831 779 2868 inflicta.''
840 2833 967 2870 Verba
1008 2840 1097 2871 sunt
1138 2833 1363 2883 Langbaenii
1389 2832 1439 2870 ad
1476 2832 1688 2882 Longinum

233 2892 466 2942 tp.,Tollio‚
496 2895 604 2941 1:36.)
635 2892 687 2933 cf.
718 2894 832 2931 Arist.
863 2894 964 2934 Hist.
996 2894 1162 2933 animan.
1193 2901 1225 2935 l.
1251 2900 1312 2935 15.
1373 2894 1449 2934 Hic
1478 2892 1687 2944 vapulandi
