1912 3187
255 105 366 160 346
625 121 661 163 1.
691 120 978 164 TAYLORI
1014 121 1092 164 PR
1102 121 1352 165 AEFATIO

260 212 446 252 mediocri
476 225 561 252 esse
587 212 736 260 liceret,
758 215 869 265 plane
897 228 980 253 eam
1002 229 1099 259 esse,
1117 221 1159 253 ut
1187 216 1320 266 potins
1347 213 1499 253 absolvi
1517 214 1720 265 potuisset.

262 275 381 320 Quod
402 288 492 313 vero
522 275 638 313 habet
666 276 830 314 Photius
850 277 950 315 Cod.
972 277 1165 316 CCLXV.
1186 278 1234 315 de
1256 279 1332 316 hoc
1354 276 1534 327 Dionysii
1551 276 1721 326 judicio,

262 351 340 376 non
358 338 480 375 minus
500 344 559 376 cst
578 338 790 376 notandum
807 352 816 376 2
847 341 931 377 Εἰσὶ
950 339 985 377 ἕὲ
1006 341 1039 378 οἳ
1065 342 1124 376 καὶ
1144 341 1229 384 τοὺς
1252 340 1313 378 δύο
1333 342 1425 377 κατὰ
1440 338 1722 390 Ἀριστογείτο-

260 416 326 443 νος
356 403 405 442 ὡς
433 398 566 442 νόθους
585 401 911 452 παραγράφονται·
933 402 1020 438 ἀλλ’
1039 399 1137 439 οὗτοι
1166 404 1225 439 καὶ
1253 401 1435 454 ὀρφανοὺς
1455 402 1588 444 αὐτοὺς
1608 401 1724 453 α’φιᾶ-

264 478 336 507 σιν,
357 464 420 499 οὐκ
443 461 594 512 ἔχοντες
622 463 735 500 εἰπεῖν
762 461 847 505 τούς
875 463 1060 506 τεκόντας.
1079 460 1129 501 ὦν
1159 463 1212 507 εἷς
1240 468 1377 513 γέγονε
1403 465 1461 500 καὶ
1479 463 1670 506 Διονύσιος
1703 465 1724 502 ὁ

259 523 600 573 Ἁλικαρνασσεὺς,
621 523 728 561 οὒέὲν
756 528 860 575 μέγα
889 526 1083 575 τεκμήριον
1112 534 1179 570 τῆς
1201 526 1298 569 ι’ἒίας
1317 527 1534 575 ὑπολήψεως
1560 527 1725 579 παρεχό-

261 599 388 635 μενος,
409 583 493 622 οὐέὲ
519 585 634 623 ἐκεῖνο
655 585 814 624 συνιδεῖν
834 586 1028 633 ἐθελήσας,
1048 589 1096 630 ὡς
1121 589 1251 640 πολλῷ
1270 590 1413 638 μείζων,
1433 590 1522 637 ἥπερ
1543 589 1565 633 ἡ
1585 587 1724 625 ἐκείνου

261 646 468 697 (ἱπόφασις,
492 646 604 690 αὐτὸς
631 648 920 697 Ἀριστογείτων
953 650 1201 698 ἆνομολογῶν
1233 647 1481 700 Δημοσθένην
1511 650 1586 686 κατ’
1612 651 1726 686 αὐτοῦ

263 712 513 758 γεγραφέναι.
563 710 715 748 Deinde
735 711 831 749 citat
851 710 1128 761 Aristogitonis
1149 711 1363 749 orationem
1385 723 1473 749 cum
1494 710 1567 748 hac
1589 710 1725 749 inscri-

261 771 420 820 ptione:
451 772 668 821 Ἀπολογία
697 773 791 824 πρὸς
821 773 1079 820 τὴν’ΈνδειΞιν
1108 773 1329 824 Λυκούργου
1360 774 1419 810 καὶ
1443 771 1727 823 Δημοσθένους.

265 832 386 875 Quasi
406 847 566 872 necesse
586 841 702 882 esset,
723 841 791 873 aut
811 848 965 886 semper
985 842 1150 882 exstare,
1181 836 1286 886 quod
1318 834 1529 885 aliquando
1553 834 1724 873 exstitit:

262 902 331 932 aut
360 895 554 933 neminem
583 909 753 946 unquam
788 897 905 936 fuisse
937 904 1146 949 repertum,
1177 899 1242 948 qui
1273 899 1310 935 in
1330 898 1437 936 Vett.
1466 896 1724 934 monumentis

261 954 459 995 imitandis
480 971 520 995 se
540 966 749 997 exerceret.

317 1018 395 1056 Alii
423 1025 560 1058 contra
589 1032 648 1066 ea,
670 1034 758 1071 quae
785 1021 963 1068 diximus,
985 1022 1054 1059 has
1075 1022 1425 1072 Aristogitonianas
1455 1022 1495 1059 in
1524 1022 1723 1060 Canonem

264 1080 610 1120 Demosthenicum
632 1096 708 1121 non
729 1083 915 1121 dubitant
930 1083 1085 1122 referre.
1108 1084 1308 1134 Longinus
1329 1087 1439 1129 §.27-
1468 1083 1725 1122 Sublimitatis

264 1154 344 1179 non
366 1143 448 1181 leve
468 1144 689 1195 exemplum
710 1144 849 1183 exinde
865 1145 1019 1196 allegat,
1041 1144 1158 1182 animi
1175 1158 1333 1183 securus
1354 1151 1394 1184 et
1414 1144 1463 1183 de
1480 1144 1558 1183 fide
1578 1147 1727 1183 Aucto-

264 1203 316 1241 ris
331 1217 469 1255 parum
490 1206 694 1246 sollicitus.
725 1207 877 1245 Deinde
898 1207 936 1244 in
956 1207 1077 1258 priori
1094 1207 1234 1257 legitur
1250 1213 1280 1257 ξ.
1296 1209 1328 1246 ε’.
1352 1206 1455 1244 med.
1474 1206 1726 1246 celeberrima

264 1265 338 1304 ista
360 1267 473 1317 Legis
493 1266 695 1315 Definitio,
718 1282 833 1319 quam
855 1269 1033 1307 certatim
1053 1276 1092 1307 et
1112 1268 1374 1307 disertissimis
1395 1267 1522 1307 verbis
1543 1268 1659 1306 toties
1678 1282 1726 1307 ex

265 1327 532 1367 Demosthene
553 1329 715 1368 laudant
735 1331 987 1382 Aphthonius
1007 1337 1047 1368 et
1066 1331 1330 1380 Hermogenes
1351 1344 1438 1369 cum
1461 1330 1537 1368 suis
1561 1330 1727 1369 Enarra-

266 1390 430 1437 toribus,
449 1398 531 1430 tum
552 1393 774 1431 Marcianus
789 1393 944 1431 demum
967 1393 1084 1431 ICtus
1104 1393 1173 1430 lib.
1193 1398 1230 1430 1.
1246 1392 1423 1431 Institut.
1453 1392 1552 1430 Vide
1573 1392 1598 1430 l.
1619 1396 1658 1430 2.
1673 1392 1727 1430 D.

266 1453 316 1491 de
337 1453 520 1504 Legibus.
568 1454 771 1506 Praecipue
799 1462 927 1494 autem
950 1454 1138 1506 omnium,
1158 1454 1308 1492 Plinius
1331 1455 1404 1492 IX.
1426 1453 1549 1504 Epist.
1570 1458 1635 1492 26.
1656 1453 1728 1492 ho-

268 1530 354 1555 rum
376 1529 596 1554 sermonum
623 1517 821 1567 elegantiis
847 1530 1084 1569 magnopere
1113 1517 1343 1555 delectatur.
1392 1516 1492 1560 Quae
1511 1521 1643 1554 autem
1665 1529 1727 1554 res

267 1579 406 1618 sedulo
427 1585 464 1617 et
495 1579 657 1617 otiosius
687 1580 804 1630 paulo
833 1585 891 1618 est
920 1593 941 1618 a
974 1593 1033 1618 me
1065 1578 1419 1617 animadvertenda.
1477 1578 1728 1629 Antiquiores

268 1641 419 1686 Critici,
442 1640 582 1691 quibus
603 1640 890 1692 displicuerunt
911 1641 1275 1692 Aristogitonianae,
1303 1640 1406 1689 (vide
1429 1640 1657 1691 Dionysium
1685 1645 1729 1678 et

266 1702 453 1740 Photium
481 1702 520 1740 in
549 1702 646 1740 locis
675 1716 697 1740 a
724 1717 783 1741 me
804 1703 950 1752 citatis)
979 1716 1067 1741 cum
1095 1703 1146 1740 ob
1167 1703 1254 1747 alia,
1276 1709 1356 1740 tum
1384 1714 1448 1740 eas
1467 1702 1729 1753 reprobarunt

266 1764 445 1815 maxime,
466 1771 627 1815 propter
647 1766 814 1816 ὀνόματα
834 1767 983 1817 φορτικὰ
1001 1771 1041 1803 et
1069 1764 1175 1811 ἀηδῆ,
1203 1765 1254 1802 ab
1282 1777 1352 1801 usu
1378 1769 1419 1802 et
1446 1764 1624 1802 castitate
1646 1764 1728 1801 De-

266 1828 483 1867 mosthenis
505 1835 583 1867 tam
604 1829 740 1875 aliena,
765 1843 880 1880 quam
903 1844 992 1881 quae
1011 1829 1198 1873 maxime3
1219 1842 1356 1879 nempe
1373 1828 1440 1879 qui
1460 1828 1617 1866 delectu
1638 1840 1725 1865 ver-

267 1891 422 1937 borum,
439 1892 814 1942 translationumque
834 1891 1019 1930 felicitate
1039 1891 1191 1930 caeteris
1212 1891 1310 1929 adeo
1331 1889 1528 1939 excelluit,
1545 1895 1588 1927 ut
1606 1889 1729 1926 lecto-—

266 1966 347 1990 rem
379 1966 488 1991 suum
522 1967 721 2003 nunquam
753 1954 1000 1992 fastidiosum
1033 1965 1054 1990 a
1085 1966 1124 1990 se
1155 1952 1381 1990 dimitteret.
1438 1951 1483 1987 In
1510 1950 1569 1988 his
1597 1956 1729 1988 autem

267 2029 348 2066 prae
363 2016 515 2054 caeteris
536 2016 718 2052 omnibns
740 2017 825 2053 haec
845 2016 983 2054 Oratio
1000 2029 1039 2053 se
1053 2015 1228 2064 jactitat,
1249 2021 1287 2052 et
1307 2028 1395 2064 quae
1411 2012 1726 2062 acerrimisjudi-

268 2078 380 2116 cibus
402 2077 516 2114 bilem
536 2081 745 2121 moverunt,
763 2090 895 2114 eorum
917 2077 1100 2113 nonnulla
1121 2076 1418 2126 diligentissima
1435 2087 1562 2120 manu,
1583 2087 1727 2125 appro.

269 2139 378 2178 banti
400 2138 547 2184 similis,
568 2138 766 2188 decerpsit
794 2137 860 2174 ille
890 2137 1052 2174 Plinius.
1107 2137 1166 2175 En
1197 2136 1334 2175 florum
1368 2136 1632 2186 sparsionem!
1664 2136 1729 2175 τὸν

268 2202 326 2241 ἀεὶ
356 2199 589 2251 βουλόμενον
623 2198 718 2237 εἶναι
753 2198 915 2249 πονηρὸν
951 2205 1022 2236 τῶν
1053 2198 1093 2235 ἐν
1130 2201 1173 2243 τῇ
1212 2200 1319 2236 πόλει
1347 2213 1411 2235 πα
1429 2197 1728 2250 ιὸοτριβεῖν

269 2269 300 2312 ξ.
320 2262 369 2310 β’.
403 2260 468 2301 fin.
498 2262 563 2310 Et,
595 2262 1018 2313 ἀπεσχοινισμένος
1047 2261 1166 2298 ἅπασι
1195 2265 1269 2303 τοῖς
1295 2261 1335 2298 ἐν
1365 2263 1408 2309 τῇ
1437 2262 1542 2298 πόλει
1576 2259 1729 2303 δικαίοις

270 2331 301 2374 {²-
319 2326 361 2368 ζ
382 2323 449 2362 fin.
479 2326 508 2362 εἰ
545 2323 581 2361 &f
609 2324 809 2370 κάπηλός
837 2323 915 2361 ε’στι
949 2323 1144 2373 πονηρίας,
1174 2324 1234 2359 καὶ
1269 2322 1633 2370 παλιγκάπηλος
1667 2323 1728 2358 καὶ

271 2385 557 2438 μεταβολεὺς
591 2390 622 2434 ξ.
652 2390 674 2423 ί.
700 2385 803 2424 med.
834 2389 881 2424 τά
911 2384 1127 2435 ἒικαστὴρια
1149 2384 1398 2435 οἰκοδομῆσαι,
1416 2383 1481 2421 ἵνα
1502 2382 1585 2426 τοὺς
1611 2384 1729 2422 τοιοῦ-

271 2465 357 2491 τους
387 2448 426 2485 ἐν
447 2450 572 2490 αὐτοῖς
597 2447 855 2500 μοσχεύητε
883 2453 914 2497 ξ.
936 2447 987 2484 ιά.
1008 2450 1146 2484 τούτων
1164 2445 1295 2483 οὒῖένα
1319 2447 1387 2496 ὁρῶ
1414 2451 1487 2483 τῶν
1512 2444 1634 2482 τόπων
1653 2443 1726 2492 βά-

272 2526 382 2561 σιμον
409 2510 512 2554 ὄντα,
545 2511 649 2546 α’λλά
677 2511 803 2547 πάντα
837 2509 1121 2559 α’πόκρημνα,
1153 2508 1412 2560 φάραγγας,
1448 2505 1660 2555 βάραθρα
1693 2512 1728 2556 §-

271 2573 327 2616 ιζ’.
346 2574 394 2623 μὴ
425 2571 465 2616 fr)
486 2571 575 2622 πρὸς
596 2572 656 2612 οὓς
676 2571 784 2614 αὐτὸς
814 2572 995 2622 ἔχωσας
1025 2572 1194 2620 λιμένας,
1215 2571 1273 2606 καὶ
1299 2568 1544 2618 προβόλων
1572 2567 1729 2613 ἐνέπλη-

273 2650 359 2679 σας,
387 2633 477 2683 πρὸς
508 2635 655 2674 τούτους
684 2634 932 2683 προσορμίζου
957 2639 988 2682 ξ.
1009 2634 1058 2675 ιὴ.
1081 2630 1146 2669 fin.
1203 2632 1263 2668 Ita
1292 2630 1438 2680 dispari
1466 2628 1622 2678 ingenio
1657 2628 1727 2667 llas

273 2695 467 2734 orationes
486 2694 662 2744 legerunt
683 2694 819 2731 summi
840 2693 928 2730 olim
950 2694 1034 2739 viri,
1061 2700 1114 2743 et,
1135 2699 1176 2730 ut
1207 2705 1295 2729 cum
1318 2692 1441 2728 Plinio
1470 2690 1554 2739 ipso
1574 2690 1726 2740 loquar,

276 2771 362 2807 quae
382 2758 465 2795 aliis
484 2755 644 2801 tumida,
663 2754 854 2804 improba,
876 2762 942 2792 aut
964 2754 1099 2800 nimia,
1119 2767 1166 2791 ea
1185 2758 1335 2796 contra,
1350 2752 1432 2789 aliis
1453 2750 1643 2797 sublimia,
1664 2764 1734 2789 au-

274 2820 422 2865 dentia,
447 2818 563 2868 plena
592 2830 674 2855 esse
705 2816 783 2853 visa
813 2822 914 2853 sunt.
970 2815 1114 2852 Verum
1145 2815 1192 2851 dc
1224 2814 1282 2851 his
1312 2813 1420 2851 satis:
1455 2813 1578 2850 sentio
1611 2812 1727 2859 enim,

276 2894 390 2932 qnam
420 2879 574 2919 difficile
608 2878 669 2924 sit,
691 2891 738 2917 ne
772 2877 898 2916 dicam
926 2876 1120 2923 odiosum,
1149 2875 1380 2926 dijudicare,
1410 2874 1650 2914 immodicum
1681 2874 1729 2913 sit
