1912 3187
626 262 671 315 I.
750 258 948 313 TAY
992 258 1039 311 L
1078 256 1127 310 O
1169 255 1219 308 R
1261 255 1289 308 Ι

744 411 1172 457 PRAEFATIO

933 556 983 580 At)

277 666 869 737 ORATIONEM
941 659 1655 731 DEMOSTHENIS

600 833 930 879 CONTRA
993 828 1333 874 MIDIAM.

243 976 436 1022 MlmAS,
456 975 593 1014 Midiae
621 976 660 1013 F.
695 973 958 1020 Atheniensis,
985 972 1102 1010 domo
1123 968 1397 1021 Anagyrasius,
1418 968 1535 1006 homo
1554 963 1700 1003 divitiis

241 1038 444 1076 abundans
459 1044 498 1076 et
517 1038 666 1075 luxurie
688 1036 880 1082 diffluens,
901 1033 1229 1086 praestantissimae
1250 1031 1341 1069 huic
1361 1027 1555 1074 Orationi,
1576 1026 1631 1064 uti
1651 1039 1698 1063 ex

243 1099 480 1149 argumentis
501 1098 687 1144 didicisti,
715 1098 911 1136 materiam
942 1095 1123 1147 praebuit.
1180 1093 1307 1137 Quam
1339 1097 1380 1130 et
1407 1088 1516 1128 multi
1535 1101 1582 1126 ex
1602 1086 1702 1124 anti-

244 1160 331 1210 quis
362 1159 628 1209 Scriptoribus
655 1158 832 1196 certatim
860 1157 1033 1202 laudant,
1065 1155 1196 1204 (cujus
1226 1151 1406 1190 vocabuli
1436 1151 1493 1188 vis
1524 1155 1568 1186 ut
1596 1146 1702 1184 varia

245 1228 319 1265 est,
340 1235 427 1259 nam
448 1234 494 1258 ea
511 1227 551 1258 et
565 1222 687 1258 citare
706 1225 745 1257 et
764 1218 1022 1256 commendare
1037 1217 1217 1260 dicimus,
1234 1215 1289 1253 ita
1307 1214 1408 1251 varie
1425 1213 1526 1259 utor)
1539 1209 1701 1248 eximius

245 1285 309 1321 ille
341 1284 522 1327 criticus,
546 1282 758 1331 Longinum
786 1282 972 1330 intelligo,
992 1293 1014 1317 a
1035 1279 1227 1318 nonnullis
1247 1277 1487 1315 existimatur
1506 1286 1703 1312 commen-

246 1343 355 1381 tariis
372 1343 451 1381 suis
471 1343 696 1380 illustrasse.
756 1341 834 1385 Qui
856 1341 1010 1391 quidem
1030 1338 1307 1378 Commentarii
1321 1337 1367 1385 (si
1388 1343 1515 1374 tamen
1537 1333 1703 1383 scripse-

243 1403 308 1448 rit,
331 1417 417 1441 nam
447 1403 497 1441 de
512 1407 616 1440 ea're
635 1402 747 1440 valde
769 1402 924 1450 dubito)
944 1414 1020 1439 una
1040 1414 1129 1439 cum
1151 1399 1281 1438 multis
1303 1397 1352 1436 ad
1369 1398 1468 1435 hanc
1488 1394 1704 1433 orationem

246 1477 270 1502 a
287 1465 485 1502 veteribus
506 1463 769 1514 Scriptoribus
801 1463 994 1500 annotatis
1019 1461 1174 1512 penitus
1205 1459 1496 1498 interciderunt.
1553 1455 1705 1500 Multis,

246 1525 419 1576 inquam,
440 1525 638 1575 quoniam,
670 1530 714 1563 ut
747 1526 802 1563 ait
829 1524 994 1562 Photius
1014 1524 1114 1561 cod.
1141 1521 1334 1561 CCLXV.
1369 1523 1526 1569 γέγονεν
1560 1516 1664 1560 οὗτος
1687 1518 1707 1554 ὁ

246 1589 363 1635 λόγος
388 1590 452 1624 οὒκ
480 1588 624 1634 ὀλίγοις
644 1587 684 1624 ὲν
702 1586 857 1640 σπουδῇ,
877 1588 937 1622 καὶ
963 1592 1026 1630 τῆς
1057 1585 1149 1636 πρὸς
1180 1584 1373 1628 ἀλλήλους
1393 1579 1707 1633 ἀμφισβητήσεως

247 1649 418 1698 ἀφορμὰς
451 1649 631 1698 παρέσχε·
649 1648 707 1684 καὶ
735 1646 855 1696 οἱμὲν
875 1651 939 1684 τοῦ
965 1645 1172 1691 παθητικοῦ
1198 1649 1431 1695 χαρακτῆρος
1468 1640 1564 1679 εἶναι’
1593 1651 1709 1691 φασιν

248 1709 376 1753 αὐτὸν,
395 1712 491 1759 μετά
513 1709 709 1751 δεινώσεως
729 1709 1033 1758 ἐπειργασμένον,
1063 1707 1095 1744 οἱ
1120 1707 1159 1743 δὲ
1187 1711 1250 1743 τοῦ
1265 1707 1537 1755 πραγματικοῦ,
1559 1705 1598 1738 et
1619 1712 1708 1750 quae

249 1776 478 1818 sequuntur.
534 1769 718 1806 Habitam
741 1768 897 1819 quidem
919 1781 995 1805 uon
1017 1767 1149 1811 fuisse,
1177 1766 1215 1804 id
1244 1765 1424 1816 profecto
1452 1776 1545 1800 vero
1574 1768 1634 1799 est
1663 1760 1712 1798 si-

250 1829 464 1875 millimum,
485 1842 571 1867 cum
588 1830 789 1866 AEschines
810 1831 956 1879 (quem,
969 1828 1060 1866 licet
1077 1827 1443 1871 insensissimum,et
1460 1821 1711 1873 exprobranti

250 1891 429 1940 similem,
458 1897 585 1928 tamen
603 1891 640 1928 in
663 1904 701 1928 re
728 1891 946 1940 nuperrime
967 1902 1125 1939 prorsus
1140 1895 1250 1938 gesta
1267 1887 1436 1936 ideoque
1451 1883 1711 1935 pervulgatis-

252 1954 360 1999 sima,
381 1953 471 2002 πρὸς
501 1952 640 1994 εἰδότας
671 1950 894 2001 permentiri
923 1963 1025 2001 aegre
1054 1949 1309 1996 existimabis)
1329 1945 1584 1986 Demostheni
1614 1944 1717 1994 obji-

252 2015 342 2061 ciat,
364 2028 449 2052 eum
472 2013 649 2062 injuriam
683 2013 793 2050 istam
825 2025 915 2050 cum
947 2012 1072 2049 Midia
1102 2010 1348 2060 transegisse,
1370 2014 1410 2046 et
1431 2007 1583 2058 Populi,
1605 2005 1712 2057 quod

251 2075 434 2119 obtinuit,
448 2074 719 2125 praejudicium
742 2074 896 2123 triginta
912 2074 1024 2111 minis
1046 2072 1163 2110 fuisse
1185 2077 1460 2122 cauponatum.
1498 2069 1575 2107 Καὶ
1596 2072 1714 2106 ταῦτα

253 2137 321 2183 ἤδη
349 2140 394 2175 τὰ
423 2139 504 2187 περὶ
529 2136 702 2182 Μειδίαν,
725 2137 784 2173 καὶ
804 2134 887 2178 τούς
911 2135 1121 2180 κονδύλους,
1157 2137 1219 2177 οὓς
1239 2131 1378 2180 ’ἐλαβεν
1397 2132 1436 2170 ἐν
1455 2134 1498 2186 τῇ
1525 2132 1716 2181 ὀρχήστρᾳ

255 2200 422 2251 χορηγὸς
446 2202 509 2245 ὢν,
540 2202 600 2236 καὶ
624 2202 673 2241 ὡς
701 2197 857 2236 ἀπέδοτο
887 2198 1080 2247 τριάκοντα
1112 2202 1216 2248 μνῶν
1245 2197 1326 2246 ἅμα
1358 2209 1395 2231 τε
1416 2196 1483 2239 τὴν
1510 2195 1564 2235 εἷς
1603 2191 1717 2229 αὑτὸν

255 2260 378 2312 ὓβριν,
395 2261 454 2298 καὶ
474 2264 539 2307 τὴν
558 2265 620 2298 τοῦ
641 2260 756 2311 δήμου
775 2259 1123 2310 καταχειροτονίαν,
1143 2262 1188 2304 ἣν
1203 2257 1243 2294 ἓν
1262 2257 1442 2294 Διονύσου
1462 2254 1720 2304 κατεχειροτό-

257 2338 345 2368 νησε
364 2321 534 2359 Μειδίου.
591 2322 721 2359 AEscb.
743 2335 778 2359 c.
808 2320 982 2370 Ctesipb.
1015 2317 1059 2365 [ξ.
1081 2315 1141 2363 aest]
1196 2318 1242 2356 Id
1265 2316 1372 2368 quod
1392 2322 1432 2354 et
1451 2315 1544 2353 alibi
1564 2314 1603 2352 in
1628 2314 1715 2352 ead.

256 2383 433 2420 oratione
455 2382 591 2419 innuit.
613 2384 658 2433 [ξ.
689 2379 770 2428 οδ’.]
823 2381 1014 2419 Τοσοῦτον
1034 2383 1225 2428 καταγελᾷ
1258 2386 1323 2424 τῆς
1343 2378 1435 2428 πρὸς
1455 2378 1553 2428 ὑμᾶς
1573 2379 1715 2429 φιλοτι-

255 2445 362 2497 μίας,
378 2448 469 2482 ὥστε
497 2446 564 2489 τὴν
593 2446 729 2495 μιαρὰν
749 2446 912 2495 κεφαλὴν
932 2445 1070 2487 ταύτην
1098 2444 1158 2479 καὶ
1183 2444 1398 2486 ὑπεύθυνον,
1420 2443 1465 2485 ἣν
1495 2437 1601 2481 οὗτος
1617 2439 1718 2487 παρὰ

257 2507 404 2548 πάντας
436 2505 520 2548 τους
548 2508 683 2556 νόμους
705 2506 870 2555 γέγραφε
900 2510 1149 2555 στεφανῶσαι,
1180 2503 1348 2554 μυριάκις
1379 2502 1639 2551 κατατέτμηκε,
1662 2500 1720 2535 καὶ

257 2569 397 2606 τουτων
424 2584 452 2618 μ
465 2585 477 2605 ι
492 2585 514 2605 σ
527 2571 547 2605 θ
559 2584 577 2605 ο
590 2566 610 2604 υ
622 2584 639 2609 ς
669 2567 807 2617 ε’ἱληφε,
823 2566 1032 2617 τραύματος
1053 2569 1092 2602 ὲκ
1111 2568 1288 2615 προνοίας
1306 2567 1454 2615 γραφὰς
1472 2564 1721 2615 γραφόμενος,

258 2632 319 2667 καὶ
347 2629 729 2673 κατακεκονδύλισται,
750 2631 842 2665 ὥστε
873 2627 985 2665 αὐτὸν
1005 2627 1108 2678 οἶμαι
1141 2629 1185 2664 τὰ
1210 2633 1283 2664 τῶν
1316 2624 1501 2663 κονδύλων
1534 2625 1626 2673 ἰ’χνη
1647 2628 1721 2660 τῶν

257 2690 414 2729 Μειδίου
434 2692 536 2742 ἔχειν
557 2690 610 2728 ἔτι
629 2693 785 2741 φανερά.
808 2690 826 2725 ὁ
848 2692 925 2739 γάρ
956 2687 1154 2739 ἅνθρωπος
1179 2690 1220 2725 οὺ
1252 2689 1428 2738 κεφαλὴν,
1449 2686 1553 2721 ἀλλά
1576 2698 1636 2733 πρ
1650 2684 1668 2720 ὁ
1682 2700 1722 2721 σ-

258 2751 376 2789 οδον
403 2754 579 2797 κέκτηται.
637 2749 869 2787 Plutarchus
896 2750 935 2786 in
963 2749 1042 2786 vita
1071 2747 1364 2792 Demosthenis,
1392 2742 1437 2790 [ἕ.
1460 2741 1540 2791 ιβ’.]
1570 2749 1614 2782 ut
1650 2743 1720 2781 Ht-

257 2812 443 2849 storicum
472 2811 591 2861 magis
615 2811 762 2856 decuit,
782 2824 863 2848 rem
882 2811 935 2848 ita
952 2812 1135 2861 exponit:
1165 2810 1289 2856 Δῆλος
1310 2807 1337 2845 δ’
1362 2806 1415 2844 ἔτι
1443 2806 1503 2842 καὶ
1531 2807 1597 2851 τὴν
1628 2807 1721 2843 nemra*

256 2870 419 2909 Βίειδίου
448 2872 826 2923 παρασκευασάμενος
864 2873 977 2911 εἰπεῖν
1010 2870 1127 2918 δίκην,
1150 2870 1211 2909 δύο
1240 2869 1309 2922 μὲν
1335 2868 1393 2906 ἐπὶ
1425 2871 1501 2911 τοῖς
1530 2865 1724 2917 τριάκοντα
