1912 3187
563 162 784 206 KATA
848 158 1232 204 ΜΕΙΔΙΟὙ.

1518 118 1619 202 ’65

176 285 272 335 θεῖν
292 279 416 348 αὐτῷ
434 277 507 332 διαὶ
527 276 580 330 ro
600 274 910 338 Ῑοῖδικηθῆναι.
929 272 1039 326 ἁλλ’
1059 271 1322 344 Ἇαῦθημερδν
1341 269 1420 343 μὲν
1438 271 1618 343 ᾔσθετο,

175 356 200 409 3
225 356 303 409 καὶ
334 350 548 426 με’(γισ-τᾶν
585 352 679 404 ἔστι
719 347 948 424 τεκμήριον
983 349 1062 401 τοῦ
1091 345 1222 419 μηδὲν
1258 344 1505 410 ἠδικηκέναι
1544 347 1621 400 τόν

176 429 423 497 ἄνθρωπον.
460 424 665 496 ὃραχμῆν
700 421 742 475 δ’
763 421 928 475 ου’δέπω
966 421 1075 492 μίαν
1111 420 1354 474 ἐκτέτικεν.
1393 420 1526 485 α’,λλοὶ
1558 421 1624 490 μή

175 527 246 556 πω
267 504 414 554 τοῦτο.
442 501 577 553 dmum*
610 498 687 560 τῆν
719 496 782 568 μὴ
813 496 946 550 οὖσαν
972 496 1239 562 οἷντιλαχεῖν
1267 493 1365 561 ἐξῆν
1400 494 1524 564 αὐτῷ
1552 493 1622 556 δή·

471 625 480 643 ¹
503 621 684 659 ἂδικηθῆναι;
709 621 744 650 Τ.
760 621 799 650 R.

1092 620 1105 639 ²
1115 617 1272 659 αὖθῆμερον
1286 619 1322 649 Τ.

172 722 226 754 ὑπὸ
242 725 290 753 τοῦ
307 724 463 765 Στράτωνος
477 724 526 753 τοῦ
543 722 696 752 διαιτητοῦ.
730 721 809 751 Haeo
825 731 890 760 per
915 718 967 748 isse
993 719 1158 758 ignorabat,
1183 720 1258 759 quod
1274 717 1393 760 fraude
1414 726 1516 759 captus
1544 727 1620 753 esset.

174 767 378 805 objectionem
401 767 553 796 dicuntur.
590 764 736 804 Sequitur
752 764 879 794 Refuta-

174 810 234 839 tio:
251 808 320 839 ἀλλ’
333 808 482 849 αὐθημερον
492 807 547 849 μὲν
557 813 616 838 etc.
650 807 710 838 Sed
727 808 879 846 quomodo

174 853 326 891 potuisset
341 852 481 892 ignorare
503 853 551 882 τῆν
571 850 663 891 κυρίαν
677 850 804 886 Midias,
820 850 879 880 nisi

175 897 254 925 forte
270 895 368 925 litium
384 895 508 925 definita
521 899 659 934 tempora
672 904 731 923 non
746 892 878 923 fuerintl

175 938 255 968 Vide
280 939 454 978 Ulpianum.
476 939 580 968 IDEM.
609 937 674 966 Hic
700 936 786 966 locus
809 945 878 974 pes-

175 979 251 1010 sime
267 991 387 1020 semper
402 985 553 1020 exceptus
567 980 637 1015 fuit,
652 983 684 1009 et
698 979 737 1009 de
758 980 879 1009 fortuna

174 1033 228 1053 sua
242 1024 349 1054 merito
362 1024 449 1063 queri
466 1028 576 1062 potest.
603 1024 681 1053 Nam
698 1023 736 1052 ab
751 1022 879 1062 antiquis

174 1066 311 1102 Critieis,
329 1066 354 1096 si
374 1067 481 1096 credas
504 1066 648 1104 Ulpiano,
674 1063 825 1104 ὢβελίζετο
847 1069 878 1094 et

173 1113 314 1148 tanquam
330 1108 491 1150 ἀδιόρθωτος
502 1108 728 1148 negligebatur:
745 1118 763 1137 a
776 1116 879 1138 recen-

175 1152 306 1188 tioribus,
330 1152 381 1191 qui
405 1153 558 1191 corrigere
586 1156 618 1181 et
642 1151 798 1190 explicare
822 1160 878 1180 vo-

174 1194 307 1231 luerunt,
320 1205 480 1234 perperam
494 1194 681 1224 intellectus.
715 1194 822 1228 Forte,
833 1192 879 1221 in-

177 1237 244 1276 quit
259 1238 391 1267 VVolfius
405 1242 521 1271 noster,
533 1234 633 1269 συνέβη
649 1234 672 1264 δ’
686 1235 765 1273 αὐτῷ
785 1234 831 1265 διὰ
846 1233 880 1264 τὸ

177 1279 277 1309 λαθεῖν
291 1279 457 1320 ὑπερημέρῳ
472 1278 615 1319 γενομένῳ,
629 1277 790 1308 ἀδικηθῆναι
805 1276 880 1318 (du-

178 1322 273 1357 bium,
287 1333 322 1351 an
337 1323 379 1351 ita
399 1324 500 1352 locum
514 1322 624 1361 corrigi
640 1325 671 1350 et
690 1320 764 1359 legi,
780 1330 816 1349 an
832 1329 879 1349 ex-

173 1365 293 1402 planari
315 1364 418 1403 potius
444 1375 499 1403 per
525 1366 601 1393 hanc
626 1367 725 1392 notam
751 1360 879 1402 voluit.)

175 1407 243 1445 Ego
257 1417 312 1446 per
327 1407 425 1436 omnia
441 1405 590 1436 contraria
608 1416 656 1440 eo,
674 1409 704 1434 el.
726 1403 878 1441 intelligo,

173 1459 235 1479 non
259 1459 326 1478 cum
342 1449 456 1479 Wolfio
478 1448 639 1479 ἀδικηθῆναι
655 1447 698 1476 διὰ
721 1446 754 1476 τὸ
773 1445 878 1482 λαθεῖν,

174 1502 278 1521 verum
299 1502 367 1521 cum
385 1490 602 1521 Demosthenis
624 1494 712 1520 textu
732 1489 823 1528 plano
847 1494 878 1519 et

175 1535 306 1570 sincero,
335 1534 436 1565 λαθεῖν
470 1540 528 1564 ete.
558 1534 603 1563 διὰ
635 1531 667 1561 το
702 1531 875 1562 ἀδικηθῆναι.

174 1578 246 1607 Hoc
261 1581 370 1617 pacto:
397 1577 463 1612 Qua
484 1582 570 1606 tanta
587 1574 711 1616 affectus
725 1580 788 1604 erat
808 1585 876 1604 con-

173 1621 295 1650 tumelia
311 1620 431 1656 Midias,
448 1625 483 1649 ut
505 1619 646 1649 hominem
668 1618 815 1647 arbitrum
835 1618 875 1647 ci-

173 1664 263 1692 vitate
275 1664 390 1702 ejiceret
399 1664 413 1692 ‚2
427 1673 497 1692 num
505 1661 616 1702 grandi
628 1661 695 1690 dica
707 1661 876 1696 damnatus,

171 1706 244 1735 adeo
260 1711 294 1735 nt
308 1706 343 1736 de
358 1716 389 1735 re
400 1705 554 1746 familiari
574 1706 606 1735 in
617 1703 783 1743 periculum
795 1704 876 1734 veni-

172 1748 242 1777 ret?
266 1748 399 1779 Minime.
424 1748 576 1789 agebatur*
592 1752 708 1777 tantum
730 1756 820 1777 causa
840 1747 875 1776 X

173 1792 333 1821 minarum.
373 1790 451 1826 Esto,
478 1791 522 1820 ait
546 1790 607 1824 ille,
632 1790 681 1820 sed
699 1790 875 1829 judicatum

175 1835 220 1863 vel
248 1834 282 1865 X
302 1835 450 1863 minarum
480 1833 550 1863 solvi
578 1839 683 1871 prater
699 1834 755 1871 jus
767 1831 875 1872 fasque

174 1877 206 1906 id
232 1877 362 1918 profecto
389 1878 481 1917 piget,
505 1881 533 1906 et
558 1875 642 1905 bilem
671 1876 772 1905 merito
799 1885 875 1905 com-

174 1930 284 1949 movere
302 1925 401 1959 potest.
450 1918 593 1953 Quomodo
615 1919 658 1947 ais
680 1923 788 1957 praeter
799 1918 876 1956 jus?

175 1961 344 1993 Damnatus
355 1968 428 1998 erat,
444 1962 519 2001 qnod
533 1972 560 1991 se
571 1962 691 2000 jndicio
711 1971 770 1990 non
784 1962 875 1990 stitit.-

173 2005 350 2046 ὑπερήμερος
375 2012 448 2040 erat,
475 2006 537 2034 ideo
555 2005 726 2043 judicatus.
767 2004 876 2033 Contra

171 2048 223 2077 ille
250 2049 369 2088 objicit:
402 2047 495 2078 Immo
520 2048 582 2077 ideo
611 2046 779 2086 ὑπερήμερος
802 2052 877 2081 erat,

176 2091 251 2130 quod
279 2101 391 2121 summa
419 2091 532 2129 injuria
559 2089 691 2131 affectus,
723 2094 748 2118 et
776 2093 877 2119 contra

174 2143 256 2164 omne
270 2135 325 2173 jus
354 2135 386 2163 in
405 2134 557 2172 judicium
590 2133 738 2163 adductus
765 2136 877 2161 statum

176 2176 252 2205 diem
264 2176 449 2207 conveniendi
471 2185 561 2214 neque
582 2176 675 2211 novit,
695 2184 784 2214 neque
807 2176 879 2205 scire

173 2219 281 2257 potuit.
313 2219 392 2253 Quid
408 2220 472 2248 ais?
498 2218 590 2248 Illene
605 2229 663 2248 non
677 2219 767 2253 novit,
784 2218 833 2256 qui
847 2227 878 2247 eo

177 2262 236 2298 ipso
261 2261 320 2295 die,
344 2261 392 2290 sed
420 2262 527 2299 vesperi
552 2262 677 2301 quidem,
706 2260 879 2290 advenerit?

178 2302 249 2333 Ideo
264 2314 322 2333 non
336 2304 394 2333 dici
404 2308 507 2342 potest,
518 2314 583 2333 eum
592 2303 754 2344 ὑπερήμερον
756 2302 879 2343 factum

176 2356 228 2385 per
241 2346 476 2385 imprudentiam.
508 2346 646 2376 Delenda
662 2352 710 2375 est
724 2347 819 2384 igitur
828 2346 879 2375 In-

178 2389 345 2427 terrogatio
368 2394 437 2427 post
452 2388 614 2419 ἀδικηθῆναι
628 2399 655 2418 ν.
669 2392 700 2418 1.
715 2394 746 2418 et
768 2388 879 2418 versio

180 2432 332 2461 Wolfiana
345 2431 387 2460 ita
398 2432 584 2461 reformanda
598 2442 604 2460 :
619 2430 699 2460 Esto.-
710 2431 757 2460 sed
768 2431 880 2460 mordet

178 2475 264 2507 etium
282 2474 344 2509 hoc,
359 2474 472 2514 inquiet
485 2474 600 2512 aliquis,
624 2484 713 2513 qnam
733 2483 785 2511 per
799 2474 880 2512 inju-

178 2517 430 2553 riamjudicatum
448 2516 612 2546 solvendum
627 2522 682 2546 est:
705 2516 811 2545 accidit
825 2526 880 2545 au-

180 2564 236 2588 tem
255 2558 320 2598 [vel
337 2558 430 2599 enim]
445 2559 500 2593 illi,
515 2565 549 2588 ut
574 2564 683 2589 statum
698 2559 774 2588 diem
796 2559 881 2598 igno-

179 2607 271 2637 raret,
286 2612 317 2631 eo
339 2603 413 2642 quod
435 2602 545 2640 injuste
567 2612 634 2631 cum
658 2601 708 2631 illo
732 2606 880 2640 ageretur.

179 2643 271 2674 Immo
292 2644 343 2674 illo
358 2646 416 2684 ipso
429 2644 475 2674 die
488 2645 634 2684 cognovit,
650 2648 769 2673 caetera.
791 2644 881 2673 ΤΑΥ-

181 2697 258 2717 Lon.
283 2687 353 2716 Non
379 2687 507 2726 quaestio
532 2687 582 2716 hic
607 2686 798 2726 proponitur,
827 2687 881 2716 sed

179 2730 311 2768 objectio
327 2729 504 2760 adversarii.
536 2730 647 2769 Itaque
666 2730 883 2768 interpungen-

180 2772 263 2807 dum,
275 2772 445 2803 ἀδικηθῆναι·
460 2777 494 2802 ut
509 2772 600 2802 etiam
615 2772 705 2812 paulo
721 2782 813 2811 supra
828 2774 883 2801 τῶν

181 2811 269 2844 ὄντων.
316 2817 384 2845 Neo
398 2816 578 2846 vertendum
595 2826 663 2846 cum
678 2814 815 2846 Wolfio:
834 2814 882 2845 An

184 2865 241 2885 usu
262 2858 288 2886 ei
306 2859 396 2894 venit,
420 2863 467 2894 ut,
488 2868 555 2888 cum
578 2864 686 2888 statum
709 2858 786 2887 diem
806 2868 882 2897 proe-

181 2899 275 2928 terisse
295 2900 454 2939 ignoraret,
475 2900 641 2942 afficeretur
664 2901 800 2941 injuria?
821 2901 881 2930 Sed

183 2940 263 2969 hunc
279 2941 307 2970 in
323 2944 462 2974 modum:
486 2944 525 2974 At
541 2944 617 2975 diem
630 2948 739 2974 statum
756 2948 880 2983 praeter-

227 2993 301 3012 VOL.
322 2994 375 3015 111.

855 3024 874 3039 l

913 761 1037 792 Junm.
1070 763 1214 801 Objeotio
1243 762 1390 802 sequitur,
1415 765 1540 805 contigit
1567 766 1622 803 ipsi

910 814 967 842 per
981 805 1193 845 ignorationem
1207 806 1283 835 diem
1307 807 1438 836 transiise
1452 812 1479 837 et
1502 813 1623 846 propter

913 846 965 877 hoc
979 849 1087 887 injuste
1109 849 1305 878 condemnari.
1341 849 1527 888 Responsio,
1551 849 1621 879 ἀλλ’

911 889 1063 931 αὐθημερὸν
1084 890 1335 932 (adverbialiter)
1353 891 1465 932 ᾔσθετο
1572 894 1621 923 sed

911 943 942 962 eo
955 934 1015 972 ipso
1031 934 1077 963 die
1091 936 1186 971 sensit,
1202 934 1270 964 scil.
1291 935 1400 964 adesse
1420 935 1500 965 diem
1526 939 1621 965 statu-

912 980 983 1006 tam.
1022 976 1142 1007 Deinde
1159 977 1206 1007 τᾶν
1226 976 1381 1017 ἄνθρωπον,
1400 988 1522 1017 nempe,
1537 979 1622 1008 Stra-

911 1022 1024 1049 tonem.
1053 1020 1192 1051 AuGEn.
1219 1020 1475 1060 Interrogationis
1501 1021 1621 1060 signum

912 1062 1024 1092 sustuli
1052 1073 1121 1092 cum
1153 1063 1298 1101 Tayloro,
1324 1067 1459 1094 ceterum
1491 1064 1530 1093 de
1558 1064 1622 1094 loci

912 1114 1004 1134 sensu
1019 1104 1049 1134 ei
1069 1115 1130 1135 non
1154 1106 1334 1136 assentiens.
1357 1106 1522 1147 ὑπερήμερον
1541 1107 1621 1137 male

911 1147 963 1177 ille
991 1147 1140 1188 (itemque
1167 1150 1211 1178 H.
1235 1149 1374 1179 Wolfius
1401 1154 1433 1179 et
1458 1148 1620 1190 Augerus)

911 1190 1061 1220 miscebat
1093 1201 1163 1220 cum
1192 1192 1241 1220 οὐκ
1268 1192 1457 1229 ἀπαντῶν-τη
1494 1193 1621 1231 exponit

913 1232 1004 1268 enim,
1033 1233 1226 1263 “damnatus
1252 1240 1326 1270 erat,
1354 1236 1429 1275 qnod
1458 1235 1620 1273 sejudicio

911 1285 969 1304 non
983 1275 1088 1305 stitit.”
1131 1276 1193 1306 Sed
1208 1276 1248 1306 de
1264 1277 1410 1307 solvenda
1425 1277 1541 1306 mulcta
1554 1277 1619 1317 agi·

912 1321 973 1351 tur,
988 1320 1076 1356 cujus
1092 1318 1240 1348 dilatione
1256 1319 1289 1348 fit
1307 1319 1418 1357 aliquis
1434 1319 1618 1362 ὑπερήμερος.

911 1359 1048 1390 Affertur
1075 1371 1130 1400 pro
1156 1361 1271 1391 Midia:
1303 1365 1324 1379 “
1341 1363 1417 1391 Cum
1444 1362 1549 1401 iniquo
1568 1364 1619 1401 ju-

912 1401 994 1431 dicio
1021 1402 1180 1433 damnatus
1210 1408 1303 1439 esset,
1332 1404 1486 1443 ignoravit
1516 1404 1618 1441 etiam,

912 1444 971 1474 sibi
1009 1446 1178 1485 pendendae
1206 1446 1328 1477 mulctae
1359 1447 1439 1476 diem
1470 1447 1617 1478 exiisse.''

911 1487 1094 1526 scrupulum
1116 1493 1217 1518 tamen
1233 1489 1307 1518 mihi
1332 1489 1493 1526 eximeret,
1507 1490 1532 1521 si
1549 1491 1616 1529 quis

911 1529 955 1560 διὰ
980 1530 1014 1560 τὸ
1037 1531 1199 1562 ἀδικηθῆναι
1223 1532 1357 1570 glossam
1383 1533 1510 1563 doceret
1536 1543 1616 1564 esse.

910 1573 1015 1604 Facile
1043 1584 1146 1604 careas
1177 1575 1234 1604 hoo
1264 1575 1484 1611 additamento,
1515 1585 1615 1615 neque

908 1616 988 1647 bene
1003 1617 1066 1648 coit
1085 1627 1152 1646 cum
1169 1617 1430 1647 antecedentibus.
1461 1618 1550 1657 Sapit
1565 1630 1618 1650 ex-

908 1659 1074 1699 plicantem
1097 1659 1128 1691 in
1148 1660 1285 1699 margine
1310 1659 1343 1690 τὸ
1366 1660 1477 1694 συνέβη.
1510 1664 1616 1692 SPAL-

911 1712 1010 1733 nmo.

951 1744 1044 1777 Ἀλλὰ
1065 1746 1109 1787 μή
1132 1746 1186 1776 ’τη-ὧ
1208 1746 1307 1787 τοῦτο]
1339 1747 1375 1776 Id
1396 1751 1453 1782 est,
1473 1747 1521 1776 sed
1542 1757 1617 1787 pone

909 1799 967 1818 non
989 1791 1034 1819 ita
1048 1790 1158 1830 fuisse,
1172 1795 1199 1818 et
1214 1788 1342 1819 Midiam
1357 1790 1433 1819 diem
1448 1795 1556 1820 statum
1570 1800 1617 1820 re-

908 1842 976 1862 vera
994 1834 1151 1873 ignorasse,
1172 1831 1361 1862 nihilominus
1383 1833 1483 1862 licebat
1505 1833 1531 1863 ei
1556 1839 1617 1863 etc.

909 1875 979 1905 Non
995 1879 1077 1905 recte
1093 1874 1249 1905 Wolfius:
1274 1874 1330 1905 Sed
1345 1875 1380 1904 de
1395 1874 1446 1905 hoc
1468 1877 1618 1914 posterius.

910 1918 1045 1957 Decepit
1061 1927 1128 1947 eum
1145 1917 1295 1956 particula
1308 1929 1364 1952 πω,
1381 1927 1449 1957 quae
1462 1928 1520 1947 non
1538 1928 1618 1948 sem-

909 1970 966 2000 per
981 1966 1091 1998 tempus
1111 1960 1245 1994 denotat,
1261 1959 1381 1989 etiamsi
1404 1961 1513 1990 habeat
1537 1971 1617 1999 prae-

909 2003 1067 2032 cedentem
1096 2002 1149 2041 μή.
1187 2003 1405 2033 MARKLAND.
1440 2003 1539 2033 Recte
1572 2004 1616 2033 H.

909 2046 1047 2076 Wolfius
1064 2045 1202 2084 exponit.
1227 2045 1421 2075 SPALDING.

953 2087 1045 2118 Ἀλλοὶ
1064 2090 1113 2119 τὴν
1124 2089 1166 2127 μὴ
1180 2085 1264 2117 οὖσαν
1279 2087 1444 2128 ἀντιλαχεῖν
1464 2086 1523 2126 ἐξῆν
1537 2087 1617 2127 αὐτῷ’

911 2130 1011 2171 δήπου]
1039 2130 1080 2160 At
1107 2131 1209 2160 licebat
1231 2130 1277 2160 illi
1293 2130 1451 2170 judicium
1475 2132 1618 2165 resortiri,

908 2175 1132 2213 sententiamque
1152 2174 1259 2203 arbitri
1281 2173 1394 2203 nullam
1415 2183 1480 2209 esse,
1496 2179 1525 2203 et
1545 2174 1618 2204 irri-

911 2221 972 2246 tam
988 2216 1151 2258 defendere,
1170 2226 1334 2256 mecumque
1357 2216 1435 2246 litem
1452 2217 1618 2257 negotium-

911 2270 965 2299 que
980 2260 1143 2294 instituere,
1169 2270 1224 2298 quo
1247 2269 1313 2288 cum
1335 2259 1372 2288 ab
1394 2260 1479 2288 initio
1495 2257 1617 2299 fuerat,

911 2302 986 2341 quod
1002 2302 1050 2332 ille
1058 2301 1163 2342 facere
1177 2312 1234 2331 non
1251 2301 1354 2330 voluit.
1375 2302 1432 2331 Est
1448 2301 1526 2331 enim
1539 2302 1617 2332 ἀντι-

911 2345 1074 2385 λαγχάνειν,
1085 2345 1204 2374 vicissim
1221 2344 1299 2373 litem
1315 2344 1472 2380 intendere,
1482 2345 1575 2374 actori
1590 2350 1617 2374 et

911 2388 1012 2417 victori
1028 2388 1207 2426 quaestionem
1222 2386 1342 2426 referre,
1357 2386 1438 2425 quod
1457 2386 1537 2424 juris
1553 2392 1618 2417 stu-

912 2430 991 2459 diosi
1005 2430 1098 2459 hodie
1113 2430 1295 2459 reconvenire
1310 2429 1426 2458 dicunt.
1455 2429 1535 2458 Vide
1548 2440 1616 2468 quae

911 2473 970 2502 huo
989 2473 1116 2502 attinent
1139 2471 1200 2511 περὶ
1220 2471 1386 2511 ἀντιλήξεως
1400 2471 1430 2501 in
1445 2471 1618 2503 Commeat.

912 2516 994 2545 Bud.
1011 2516 1109 2545 Porro
1133 2520 1232 2544 autem
1257 2515 1314 2544 hoc
1338 2514 1408 2543 loco
1427 2513 1518 2543 etiam
1541 2515 1555 2544 ἦ
1573 2516 1617 2553 μὴ

911 2555 981 2588 οὖα-α
1009 2558 1122 2587 dieitur
1136 2557 1291 2596 judicium
1314 2557 1444 2592 nullam,
1467 2561 1500 2586 ut
1516 2557 1617 2586 Latini

910 2600 1130 2631 Jurisconsulti
1153 2601 1336 2639 loquuntur:
1362 2600 1617 2639 quemadmodum

913 2648 944 2672 et
965 2648 1165 2674 testamentum
1180 2642 1311 2677 nullum,
1329 2653 1385 2681 pro
1402 2641 1488 2671 irrito
1504 2647 1534 2671 et
1547 2642 1617 2680 lege

912 2686 1070 2725 abrogato,
1095 2686 1177 2725 apud
1203 2686 1382 2716 Ciceronem
1405 2684 1435 2714 in
1456 2688 1546 2723 praet.
1567 2694 1617 2715 ur-

912 2730 1006 2759 bana:
1033 2733 1053 2746 ‘¹
1071 2729 1221 2759 Minutius
1249 2728 1371 2766 quidam
1399 2732 1534 2756 mortuus
1558 2732 1617 2762 est,

914 2773 979 2810 ejus
994 2776 1206 2802 testamentum
1222 2775 1287 2800 erat
1299 2770 1424 2804 nullum,
1438 2769 1506 2808 lege
1522 2768 1618 2798 haere-

913 2815 994 2844 ditas
1028 2815 1066 2844 ad
1102 2819 1222 2853 gentem
1251 2812 1413 2842 Minutiam
1440 2810 1617 2840 veniebat.”

913 2858 1065 2887 Caeterum
1082 2857 1122 2898 τῇ*
1133 2858 1175 2896 μη
1189 2856 1253 2897 οὔσῃ
1269 2855 1326 2895 δι’κῃ
1345 2853 1471 2883 similem
1484 2863 1553 2883 esse
1570 2855 1618 2884 τὴν

913 2899 1049 2936 ἀνάδικον,
1071 2904 1101 2929 et
1116 2900 1241 2929 fortasse
1265 2897 1402 2929 eandem,
1417 2894 1489 2935 τετρός
1504 2895 1617 2928 Βοιωτὸν

913 2942 1028 2973 dietum
1045 2946 1100 2972 est.
1126 2942 1170 2972 Ex
1186 2941 1256 2971 edit.
1273 2940 1437 2969 Hmvio.

916 2996 935 3014 κ
