1912 3187
564 174 648 215 AD
681 173 777 215 ΟΒ.
811 168 1054 213 CONTRA
1086 168 1342 210 MIDIAM.
1602 155 1668 203 13

231 290 338 340 tique
349 287 520 340 pudoris,
542 301 661 338 quum
676 288 871 326 inimicum
889 300 929 324 se
945 284 1149 337 profitetur
1168 283 1235 334 qui
1254 284 1394 334 pulsat,
1414 281 1670 331 injuriamque

230 351 284 388 ita
306 349 429 399 accipi
452 350 543 393 vult,
565 355 748 399 tanquam
773 349 822 386 ab
843 347 997 386 inimico
1016 345 1320 395 offendendique
1346 344 1492 394 cupido
1510 343 1668 387 illatam,

230 424 318 449 cum
342 410 453 460 plaga
473 409 656 460 infligitur
682 423 756 447 non
779 421 945 459 expansa
966 421 1091 453 manu,
1115 407 1181 444 sed
1206 407 1244 444 in
1264 418 1434 456 pugnum
1454 409 1670 447 contracta,

231 484 310 521 quo
330 472 430 508 ictus
461 471 510 508 sit
536 471 737 509 nocentior
765 477 803 508 et
830 470 993 520 gravior,
1024 475 1218 519 postremo
1248 480 1334 505 cum
1362 467 1399 504 in
1420 478 1501 502 eam
1523 469 1671 514 partem

228 533 401 582 corporis
420 533 467 570 de
487 533 674 570 industria
693 533 805 583 plaga
824 531 1024 576 incumbit,
1046 543 1123 580 quo
1146 529 1383 567 atrocissima
1407 540 1507 564 noxa
1527 537 1670 574 corpus

229 594 381 630 multari
402 600 544 644 potest,
571 593 824 643 sugillataque
847 607 891 631 ea
911 606 999 643 pars
1023 605 1105 629 esse
1125 603 1169 627 ac
1190 590 1255 627 diu
1273 603 1425 627 manere
1447 588 1672 638 conspicua,

228 653 396 704 indeque
417 655 536 692 facies
552 655 810 693 dehonestari.
867 656 956 692 Hoc
977 654 1077 692 enim
1100 651 1294 702 significat
1308 653 1367 688 ἐπὶ
1382 652 1521 700 κύῤῥης,
1542 650 1579 687 id
1602 653 1672 692 est,

228 719 323 753 κατά
342 722 406 762 τῆς
426 718 602 764 σιαγόνος
622 718 793 763 πατάξαι,
814 717 1030 754 Atticorum
1049 715 1179 762 lingua
1197 712 1458 762 loquentibus.
1482 710 1587 761 quod
1609 710 1672 745 In-

217 782 376 827 Vterpres
395 776 546 826 ignarus
570 777 767 827 pupillam
786 776 992 821 transtulit,
1013 776 1121 825 quusi
1143 776 1245 822 κόρης
1268 773 1548 810 Demosthenes
1581 770 1674 809 scri-

227 836 382 886 psisset.
414 838 511 875 Haec
533 844 633 884 sunt,
653 838 781 889 inquit
801 837 1098 881 Demosthenes,
1116 848 1203 885 quae
1227 835 1398 871 homines
1424 833 1574 881 injuriis
1597 843 1674 867 nou

225 903 398 934 assuetos
415 898 530 934 animi
547 898 777 949 impotentes
793 898 951 942 faciunt,
967 897 1004 934 id
1022 904 1094 941 est,
1118 909 1205 946 quae
1227 894 1450 945 patientiam
1468 900 1672 943 quantum-

226 959 281 995 vis
302 957 482 1007 prudenti
503 960 717 998 excutiunt.
773 960 1034 1002 Quintilianus
1060 958 1098 994 in
1125 963 1245 1002 seem,
1273 957 1320 994 de
1350 954 1590 993 concitandis
1618 952 1675 989 af-

228 1019 394 1057 fectibus
414 1020 589 1070 loquens,
612 1026 633 1042 ‘⁶
651 1020 880 1066 Atrocitas‚''
901 1020 1040 1070 inquit,
1064 1024 1088 1042 “
1102 1018 1241 1056 crescit
1260 1031 1306 1054 ex
1327 1018 1400 1062 his,
1420 1015 1513 1065 quid
1530 1015 1675 1052 factum

228 1080 289 1124 sit,
312 1092 334 1117 a
352 1093 444 1130 quo,
467 1082 502 1117 in
524 1094 653 1130 quem,
670 1094 748 1130 quo
769 1081 909 1125 animo,
924 1094 1002 1130 quo
1019 1086 1204 1129 tempore,
1228 1091 1306 1128 quo
1330 1079 1430 1122 loco,
1448 1090 1527 1126 quo
1542 1075 1673 1117 modo,

230 1154 318 1190 quae
347 1142 475 1180 omnia
494 1142 663 1179 infinitos
683 1141 877 1179 anfractus
903 1141 1082 1178 liabent.’'
1137 1141 1186 1176 Et
1208 1140 1363 1189 paulum
1380 1138 1491 1183 infra,
1511 1142 1534 1157 “
1549 1135 1674 1173 Pluri-

229 1215 331 1239 mum
352 1203 514 1252 tamen‚’'
529 1203 668 1252 inquit,
688 1203 838 1240 “affert
851 1202 1067 1241 atrocitatis
1086 1201 1236 1244 modus,
1252 1201 1281 1237 si
1299 1200 1479 1249 graviter,
1497 1198 1526 1235 si
1542 1203 1678 1234 contu-

230 1265 400 1309 meliose,
424 1271 464 1302 ut
485 1265 764 1302 Demosthenes
785 1277 832 1300 ex
862 1270 971 1312 parte
1001 1263 1172 1312 percussi
1192 1261 1376 1310 corporis,
1398 1274 1444 1297 ex
1465 1259 1570 1296 vultu
1586 1257 1676 1295 feri..

231 1325 345 1374 entis,
359 1339 404 1362 ex
418 1325 554 1362 habitu
571 1325 750 1361 invidiam
769 1325 906 1361 Midiae
925 1323 1103 1372 quaerit.'’
1141 1322 1247 1358 Idem
1266 1322 1373 1365 alibi,
1397 1327 1422 1342 “
1437 1321 1616 1368 Namque
1635 1320 1673 1354 in

232 1385 306 1422 hoc
327 1385 558 1434 eloquentiae
577 1385 631 1422 vis
651 1392 722 1428 est,
742 1384 968 1433 utjndicern
988 1396 1062 1419 non
1084 1383 1131 1419 ad
1163 1382 1202 1418 id
1226 1388 1374 1419 tantum
1391 1381 1612 1430 compellat,
1637 1380 1676 1415 in

228 1445 336 1494 quod
357 1446 439 1496 ipse
459 1458 480 1482 a
500 1445 553 1482 rei
574 1451 709 1483 natura
729 1446 903 1491 ducetur,
928 1445 993 1481 sed
1016 1449 1096 1489 aut,
1113 1443 1179 1493 qui
1207 1456 1283 1480 non
1309 1448 1380 1487 est,
1405 1448 1471 1479 aut
1491 1443 1675 1490 majorem

229 1519 345 1556 quam
378 1513 436 1544 est
463 1507 580 1545 faciat
608 1507 801 1544 affectum.
866 1507 963 1543 Haec
991 1512 1050 1542 est
1083 1505 1158 1549 illa,
1192 1517 1279 1554 qnoe
1314 1504 1472 1541 Dinosis
1501 1508 1675 1546 vocatur,

228 1568 343 1606 rebus
374 1567 551 1617 indignis,
575 1568 733 1618 asperis,
761 1566 959 1605 invidiosis
989 1566 1137 1603 addens
1161 1565 1237 1602 vim
1269 1565 1405 1609 cratim
1427 1577 1504 1613 qua
1533 1563 1674 1599 virtute

228 1635 370 1679 praeter
384 1628 478 1666 alios
498 1628 702 1678 plurimum
726 1628 1006 1665 Demosthenes
1027 1626 1178 1663 valuit.’'
1232 1626 1332 1663 Haec
1354 1631 1393 1663 et
1407 1625 1517 1674 plura
1535 1624 1573 1660 in
1595 1626 1674 1659 An-

229 1690 492 1727 notationibus
519 1690 795 1739 posterioribus
816 1691 854 1726 in
874 1689 1059 1726 Pandect.
1079 1687 1260 1726 Budaeus.
1303 1687 1409 1730 Quin
1429 1692 1469 1724 et
1497 1684 1673 1722 Alciatus

227 1751 393 1791 eundem
416 1751 544 1789 locum
565 1752 722 1801 exponit
739 1750 1062 1801 Dispunctionum
1083 1749 1182 1788 libro
1204 1748 1388 1793 secundo,
1408 1760 1493 1798 cap.
1511 1751 1577 1784 16.
