1912 3187
646 152 729 194 DE
761 150 980 195 ORACC.
1013 146 1248 191 DODON.
1572 139 1674 187 135

273 259 412 296 Verum
432 270 530 294 nunc
551 259 711 299 tandem,
735 269 798 303 per
819 261 957 303 ὕστερον
973 258 1149 302 πρότερον,
1176 255 1224 290 ad
1240 256 1360 299 ipsum
1378 255 1514 288 oraculi
1535 256 1679 289 initium

222 320 487 350 convertamur.
536 313 609 347 Hie
625 323 697 346 non
711 314 874 353 deerunt,
891 313 953 357 qui
969 312 1058 345 illud
1076 313 1128 344 ὅτι
1140 312 1177 343 in
1193 310 1309 343 frome
1327 319 1401 342 non
1418 310 1598 343 causalem
1615 310 1681 343 sed

225 371 441 405 narrativam
454 378 532 402 esse
548 367 761 412 particulam
780 367 946 406 credant3
969 367 1078 409 hique
1094 375 1230 405 vereor,
1251 374 1297 396 ne
1314 363 1558 396 emendationi
1575 374 1679 404 meae,

225 426 320 459 ἕνεκα
339 425 469 465 τούτου,
485 433 557 467 prae
576 422 655 455 aliis
671 422 825 456 faveant.
868 421 1050 455 Claudent
1066 420 1161 453 enim
1180 430 1267 453 voce
1286 419 1420 461 Θεωρίας
1438 418 1588 461 primam
1605 417 1684 451 the-

225 479 279 511 sin
296 478 392 511 etad
412 478 505 510 hanc
530 479 627 510 recte
650 487 712 519 per
729 478 824 509 ἕνεκα
843 477 962 509 τούτου
986 474 1114 518 respici
1133 473 1294 507 credent.
1343 473 1398 506 Ea
1416 476 1536 505 tamen
1550 471 1612 505 via
1628 472 1682 505 iu-

224 532 353 565 cedere
379 532 504 565 nolim.
554 531 733 575 Displicet
761 530 882 563 statim
913 528 1124 572 asyndeton,
1149 529 1247 572 quod
1274 527 1325 560 sic
1351 527 1445 560 inter
1471 527 1620 570 primam
1646 529 1685 559 et

224 586 422 619 secundam
438 585 556 618 thesin
578 583 788 618 intercedit:
814 587 892 617 tum
908 583 1006 616 vocis
1027 585 1181 627 σημαίνει
1203 580 1416 624 significatio
1434 580 1488 613 his
1504 579 1684 623 responsis

223 640 378 684 propria,
401 643 442 673 ut
463 640 586 673 statim
604 639 639 672 in
656 639 822 683 sequenti
839 638 985 671 oraculo
1007 640 1166 681 apparet,
1195 641 1250 669 est
1266 635 1405 681 jubere,
1422 645 1493 668 non
1516 634 1683 669 indicare.

224 694 325 728 Nihil
342 699 461 728 tamen
481 695 622 735 mirum,
638 694 795 726 librarios
807 692 975 735 junxisse
993 694 1146 736 σημαίνει
1160 692 1222 732 ὅτι,
1236 694 1285 731 et,
1299 690 1469 734 quoniam
1488 688 1556 722 hoc
1573 690 1684 722 modo

193 769 199 771 -
224 749 348 782 deesse
367 749 543 783 videretur
559 748 708 781 verbum
730 748 929 791 imperandi
952 746 1112 787 notione,
1129 745 1318 779 inseruisse
1335 745 1425 778 illud
1439 745 1570 785 κελεύει,
1586 743 1685 787 quod

225 803 328 837 uncis
344 807 465 837 tamen
482 806 616 843 notare,
633 812 740 846 quam
761 812 902 845 prorsus
924 801 1065 844 ejicere,
1086 803 1181 834 recte
1198 800 1326 833 maluit
1349 798 1591 832 amicissimus
1608 798 1688 831 edi-

223 862 290 892 tor.
334 857 637 901 Conjungendum
656 857 764 900 igitur
778 856 1128 901 σημαίνει-πέμπειν
1141 856 1221 895 &c.,
1237 853 1445 898 cujnsjussi
1461 852 1553 886 ratio
1569 852 1686 885 reddi-

224 915 283 946 tur
306 913 426 947 verbis
441 913 785 956 ὅτι-παρηνέγκατε.
835 911 905 945 Sed
924 911 1033 954 quid?
1059 920 1179 943 annon
1201 909 1429 943 invenustam
1457 908 1508 941 sic
1535 906 1687 940 admitto

225 970 463 1012 ταυτολογίαν,
492 967 720 1001 emendando
747 966 841 1000 infra
865 967 961 999 ἕνεκα
986 967 1118 999 τούτου.
1175 964 1418 998 Invenustum
1449 962 1515 995 hoc
1546 961 1621 995 fore
1647 961 1686 994 in

224 1022 305 1067 ipsa
321 1023 480 1066 quadam
498 1020 753 1055 Demosthenis
769 1021 930 1055 oratione
947 1021 1095 1054 fortasse
1120 1019 1341 1058 concedam;
1366 1019 1592 1060 ταυτολογίαν
1612 1026 1686 1049 non

226 1088 394 1121 agnosco.
432 1077 616 1112 Particula
631 1078 693 1115 ὅτι,
711 1077 817 1119 plane
831 1079 873 1109 ut
886 1077 1061 1109 Latinum
1079 1075 1180 1120 quod,
1194 1085 1260 1107 sua
1272 1074 1382 1107 unius
1399 1073 1432 1106 vi
1450 1083 1522 1105 non
1536 1074 1591 1105 est
1603 1082 1688 1104 cau-

227 1132 323 1171 salis,
334 1143 450 1176 neque
464 1132 643 1173 signifieat
653 1131 744 1175 quia,
756 1130 823 1163 nisi
836 1131 1006 1163 referatur
1019 1130 1064 1163 ad
1075 1140 1203 1163 vocem
1218 1128 1477 1171 significantem
1490 1132 1687 1171 propterea.

229 1186 323 1219 Eam
337 1186 522 1219 brevitatis
535 1186 684 1229 quidem
701 1185 852 1217 studiosi
870 1185 1037 1217 omittere
1057 1184 1232 1217 solemus:
1251 1185 1410 1215 attamen
1422 1181 1457 1213 in
1469 1181 1602 1214 Latino
1616 1190 1690 1214 ser-

228 1251 335 1274 mone
348 1239 436 1273 nihil
450 1239 673 1282 frequentius
687 1242 741 1272 est
751 1249 862 1282 quam
874 1244 1064 1283 propterea
1082 1238 1173 1281 quod
1182 1250 1194 1275 ;
1211 1237 1277 1269 hoc
1292 1238 1413 1269 autem
1428 1236 1567 1277 Graece,
1579 1234 1689 1269 verbo

231 1295 378 1328 verbum
395 1294 574 1333 reddenti,
592 1297 647 1327 est
662 1295 757 1326 ἕνεκα
774 1295 892 1326 τούτου
909 1294 970 1326 ὅτι.
1008 1292 1100 1332 Quae
1116 1291 1291 1325 sermonis
1309 1291 1507 1334 plenitudo,
1522 1291 1551 1324 si
1569 1292 1690 1324 orato-

229 1359 304 1382 rem
319 1349 410 1381 forte
427 1348 545 1380 minus
563 1348 702 1388 deceat,
723 1347 758 1380 in
784 1347 932 1390 antiquo
954 1348 1100 1379 oraculo
1120 1347 1242 1379 locum
1267 1355 1375 1378 suum
1394 1345 1503 1388 probe
1520 1347 1689 1388 occupat.

229 1403 369 1436 Duram
382 1402 442 1435 alii
458 1401 606 1435 credent
618 1402 717 1435 verbi
735 1403 890 1445 σημαίνει
905 1400 950 1433 ab
969 1400 1044 1444 ipso
1055 1400 1157 1443 jusso
1172 1400 1422 1433 divulsionem.
1461 1398 1511 1432 Iis
1525 1399 1690 1438 observo,

228 1457 376 1491 verbum
394 1455 473 1495 hoc,
494 1456 633 1489 solenni
649 1455 811 1495 formula,
826 1456 860 1488 in
878 1455 993 1488 fronte
1016 1455 1177 1498 responsi
1193 1454 1414 1498 ponendum,
1437 1455 1474 1486 et
1487 1457 1609 1486 tamen
1622 1452 1691 1497 ipsi

229 1513 413 1556 praecepto
427 1520 575 1544 causam
590 1510 653 1543 iroe
672 1509 803 1543 divinae
822 1510 1024 1543 necessario
1042 1509 1335 1553 praemittendam
1353 1507 1474 1543 fuisse.

276 1566 372 1600 Haec
391 1568 486 1607 sunt,
503 1576 586 1609 quae
604 1565 640 1598 in
659 1565 888 1599 emendando
908 1565 976 1598 hoc
994 1564 1138 1598 oraculo
1155 1564 1402 1608 praestitimus,
1418 1563 1552 1608 quibus
1569 1566 1692 1597 tamen

227 1631 304 1655 rem
329 1620 532 1654 absolutam
553 1631 630 1653 esse
655 1620 868 1664 neutiquam
893 1619 1022 1653 credo:
1055 1629 1139 1652 cum
1162 1618 1257 1651 enim
1282 1618 1412 1652 horum
1430 1618 1591 1652 maxima
1611 1629 1692 1662 pars

228 1676 436 1719 conjectura
460 1675 609 1713 nitatur,
632 1675 721 1719 quin
744 1675 814 1708 alia
839 1675 928 1708 meis
953 1675 1093 1708 veriora
1119 1673 1264 1718 reperiri
1282 1673 1436 1718 possint,
1462 1683 1535 1707 non
1552 1673 1691 1706 dubito.

229 1730 374 1764 Intacta
386 1730 534 1764 fortasse
552 1730 677 1763 relicta
693 1732 780 1763 sunt
797 1730 877 1773 alia,
894 1741 977 1774 quae
996 1729 1139 1762 medela
1154 1739 1227 1762 non
1243 1729 1362 1762 minus
1379 1729 1578 1772 indigeant.
1613 1729 1693 1761 Sta-

229 1786 294 1819 tim
312 1786 440 1819 ultima
455 1786 561 1819 verba
577 1796 647 1819 non
665 1785 910 1820 satisfaciunt:
937 1785 989 1818 Ec
1000 1791 1177 1829 praeterea
1188 1784 1255 1825 (sc.
1273 1784 1397 1818 offerre
1417 1782 1572 1827 debetis)
1588 1783 1695 1816 dona-

227 1838 322 1873 rium
338 1838 434 1881 illud,
462 1840 555 1884 qnod
577 1839 717 1873 donavit
734 1838 884 1884 populus
906 1838 1140 1872 Atheniensis.
1189 1838 1356 1871 Fortasse
1382 1840 1504 1870 tamen
1533 1837 1694 1880 explica-

229 1893 327 1927 tione
350 1893 479 1937 magis,
508 1904 618 1938 quarn
650 1895 917 1935 emendatione,
945 1893 1235 1927 subveniendum
1264 1893 1354 1926 loeo.
1416 1892 1596 1926 Credibile
1626 1895 1696 1933 est,

231 1948 481 1989 Athenienses,
506 1948 654 1992 publica
676 1949 834 1993 quadam
858 1947 1063 1982 calamitate
1081 1947 1241 1988 afflictos,
1258 1947 1397 1990 legatos
1414 1946 1552 1979 misisse
1568 1946 1695 1979 Dodo-

228 2012 314 2036 nam
332 2003 587 2044 sciscitaturos,
600 2003 688 2047 quid
707 2004 887 2046 agendum
902 2005 997 2036 esset
1013 2002 1059 2035 ad
1074 2001 1291 2045 placandam
1309 2002 1458 2035 deorum
1474 2001 1577 2034 iram.
1620 1999 1695 2033 His

230 2058 355 2101 procul
375 2057 485 2091 dubio
502 2059 774 2099 mandaverant,
791 2069 911 2092 vovere
926 2057 1007 2091 Jovi
1028 2057 1232 2097 Dodonaeo,
1251 2056 1396 2090 nomine
1413 2055 1581 2096 civitatis,
1599 2055 1694 2088 dona

230 2112 410 2154 quaedam,
426 2123 520 2156 quae,
538 2117 689 2157 accepto
711 2123 894 2156 responso,
914 2112 1147 2146 exsoluturos
1165 2122 1202 2144 se
1220 2110 1461 2154 spondebant.
1512 2109 1622 2143 Hanc
1639 2121 1695 2142 vo—

230 2165 329 2198 vendi
345 2167 541 2209 notionem,
562 2167 683 2209 credo,
702 2167 759 2200 hic
777 2167 887 2200 habet
910 2167 1121 2200 ἀνατιὲἑναι.
1171 2167 1278 2207 Sane,
1305 2165 1401 2198 sicut
1422 2165 1460 2198 in
1477 2167 1599 2198 nostra
1616 2175 1697 2198 ora-

232 2219 330 2253 tione
355 2221 407 2265 (p.
425 2223 484 2255 62.
511 2233 546 2256 v.
563 2223 649 2267 ult.)
674 2223 800 2256 διδόναι
826 2223 972 2266 ponitur
1002 2233 1066 2266 pro
1094 2222 1251 2265 simplici
1276 2221 1459 2254 oblatione
1486 2220 1694 2254 conditione

232 2275 389 2318 quadam
408 2276 515 2317 facta,
538 2277 664 2310 eodem
689 2278 797 2310 modo
817 2278 1015 2310 ἀνατιθέναι
1035 2286 1179 2321 quoque
1195 2276 1309 2320 (quod
1327 2286 1398 2309 non
1422 2275 1537 2308 solum
1555 2286 1696 2319 suspen-

231 2329 314 2362 dere
331 2330 420 2372 Deo,
439 2331 502 2364 sed
519 2331 634 2366 latiori
653 2332 854 2375 significatu
877 2343 1080 2366 consecrare
1098 2330 1259 2375 valebat)
1274 2330 1437 2374 usurpari
1452 2339 1558 2373 posse
1576 2329 1696 2362 nullus

231 2384 371 2419 dubito.
1414 2384 1646 2418 BUTTMANN.

807 2459 885 2492 DE
917 2458 1125 2492 DIONE.

839 2549 874 2582 p.
893 2541 951 2572 45.
969 2550 1000 2572 v.
1018 2538 1085 2572 ult.

279 2612 368 2646 NoN
384 2612 430 2645 ab
446 2622 485 2645 re
502 2622 649 2656 quoque
664 2610 784 2651 suerit,
803 2611 832 2644 si
849 2611 893 2644 de
908 2610 1025 2644 Dione
1041 2610 1100 2643 hic
1113 2609 1223 2643 verba
1240 2609 1409 2654 quaedam
1428 2608 1569 2642 faciam.
1610 2606 1695 2640 Hoc

232 2676 365 2699 nomen
390 2667 606 2709 interpretes
635 2666 783 2709 quidam
811 2665 1048 2698 reddiderunt
1071 2664 1258 2698 ιῙιιηοηετη.
1313 2663 1458 2696 Servius
1485 2663 1620 2701 contra,
1650 2661 1696 2694 ad

233 2719 334 2764 Virg.
353 2721 439 2755 AEn.
457 2721 535 2754 ΙΙΙ.
553 2723 634 2754 466.
670 2719 833 2754 Venerem
848 2719 950 2752 Jovis
969 2719 1149 2752 Dodonaei
1172 2720 1324 2752 σύνναον
1347 2720 1428 2750 &dv
1451 2716 1558 2749 fuisse
1577 2715 1695 2747 docet.

236 2775 334 2809 Hinc
351 2776 429 2810 Iac.
453 2777 657 2811 Gronovius
680 2776 742 2820 (ad
765 2774 938 2819 Stephani
961 2775 1154 2815 Dodonen,
1180 2775 1292 2807 altera
1318 2772 1491 2806 Editione
1513 2770 1696 2803 Thesauro

236 2830 359 2875 Antiq.
374 2832 438 2867 Gr.
458 2833 604 2874 inserta)
622 2832 804 2864 Venerem
820 2831 1017 2864 Libitinam
1035 2841 1106 2863 non
1124 2831 1228 2872 bene,
1242 2828 1360 2868 credo,
1374 2836 1585 2870 comparans
1600 2825 1697 2858 Pro-

235 2885 406 2930 serpinam
423 2888 500 2922 vult
515 2897 592 2921 esse
608 2886 766 2920 Dionen.
804 2885 982 2924 Tandem,
999 2885 1029 2919 si
1041 2885 1275 2928 Mythologos
1292 2884 1481 2926 ipsumque
1493 2880 1695 2914 Homerum
