1912 3187
218 117 321 164 142
609 127 644 169 I.
678 126 939 169 TAYLORI
977 126 1298 169 PRAEFATlO

211 233 296 286 tea]
320 233 364 271 id
381 234 507 272 (licere
530 237 734 273 Oratorem
756 235 801 272 de
821 234 1081 282 Androtione,
1103 236 1208 288 quod
1232 239 1274 274 in
1295 235 1551 274 Andr-otiam
1567 235 1672 275 dixe.

211 300 277 332 rat
298 295 343 334 de
368 295 597 334 Timocrate.
653 296 772 339 Quod
801 297 909 334 nullo
929 298 1046 336 modo
1068 312 1198 337 verum
1218 304 1277 337 est
1297 301 1440 336 πολλοῦ
1459 314 1503 347 γε
1522 299 1582 335 καὶ
1606 297 1673 337 δεῖ.

211 358 372 403 Iterum,
393 357 702 395 laudatissimum
733 356 836 395 istud
867 359 1100 410 enthymema
1120 362 1152 407 ξ.
1175 361 1225 409 γ’.
1263 360 1313 398 Σὺ
1345 359 1386 405 ἓν)
1413 362 1462 411 μὴ
1493 361 1597 408 λέγε,
1623 362 1673 403 ὡς

212 421 349 468 γέγονε
369 425 473 457 τοῦτο
493 419 691 464 πολλάκις,
712 420 799 456 ἀλλ’
822 422 870 462 ὡς
889 422 982 458 οὕτω
1002 424 1173 470 προσῆκει
1193 420 1411 470 γίγνεσθαι.
1433 422 1475 458 οὺ
1495 423 1567 471 γὰρ
1588 422 1619 459 εἴ
1640 437 1675 459 τι

211 483 355 519 πώποτε
374 483 424 532 μὴ
446 482 538 517 κατὰ
563 479 648 523 τούς
668 481 803 531 νόμους
830 481 1020 531 ἐπράχθη,
1043 481 1088 520 σι)
1117 482 1153 520 ἶέ
1175 484 1267 521 τοῦτ’
1291 484 1470 534 ἐμιμήσω,
1496 482 1554 520 διὰ
1582 483 1678 520 τοῦτ’

209 544 421 593 ἀποφύγοις
450 543 497 579 ἂν
527 541 688 586 ἕικαίως,
718 542 822 579 ἀλλὰ
850 545 979 594 πολλῷ
998 547 1151 592 μᾶλλον
1180 546 1364 583 ἁλίσκοιο.
1395 547 1514 596 ὥσπερ
1541 547 1615 595 γὰρ
1642 545 1675 582 εἷ

209 621 263 647 τις
283 604 430 641 ἐκείνων
451 606 613 653 προήλω,
636 604 680 641 σὺ
701 602 778 641 τᾶδ
796 606 858 641 οὒκ
874 605 922 642 ἂν
938 603 1116 655 ἔγραφες,
1134 605 1249 648 οὕτως
1264 607 1312 643 ἂν
1330 605 1374 643 σι)
1391 611 1457 643 νῦν
1472 606 1574 654 δίκην
1590 606 1675 658 δῷς,

210 668 330 708 ἄλλος
349 667 389 702 οὐ
410 665 561 714 γράψει,
584 665 684 709 haec,
700 665 874 715 inquam,
896 665 978 704 fere
995 667 1125 704 omnia
1142 667 1297 704 minima
1309 679 1396 705 curn
1413 667 1677 718 discrepantia

209 733 442 778 repetuntur
454 728 675 778 proximein
686 728 969 767 Aristocratea.
986 729 1086 772 Quae
1099 729 1230 776 verba,
1244 735 1287 768 ut
1300 729 1337 768 id
1352 729 1468 768 etiam
1482 743 1675 777 moneam,

209 791 344 829 laudat
356 790 526 835 Gellius,
544 790 595 828 X.
614 796 674 829 19.
689 790 968 842 interpretatur
983 798 1109 830 autem
1128 792 1407 839 Quintilianus,
1420 792 1469 831 V.
1479 797 1541 831 14.
1558 793 1676 843 Opti-

209 867 309 892 mum
322 857 449 892 autem
463 852 618 891 videtur
631 853 948 904 Enthymematis
956 868 1095 906 gemes,
1109 856 1408 906 cumproposito
1421 854 1606 894 dissimili
1620 856 1680 893 vel

210 917 412 955 contrario
427 917 533 953 ratio
552 915 836 968 subjungitur.-
857 917 972 968 quale
992 922 1048 954 est
1071 917 1370 955 Demosthenis:
1392 917 1511 955 NON
1534 917 1678 955 ENIM

211 980 257 1017 SI
289 979 427 1022 QUID
458 978 702 1021 UNQUAM
732 978 963 1017 CONTRA
993 979 1167 1017 LEGES
1198 979 1424 1017 FACTUM
1456 979 1572 1026 EST,
1602 980 1679 1017 lD-

213 1041 328 1084 QUE
353 1040 429 1079 TU
459 1040 522 1077 ES
559 1040 845 1086 IMITATUS,
876 1041 1106 1079 IDCIRCO
1143 1042 1214 1078 TE
1246 1041 1534 1078 CONVENIT
1571 1041 1677 1079 POE·

211 1101 289 1140 NA
321 1102 611 1140 LIBERARI:
643 1102 781 1145 QUIN
814 1103 845 1140 Ε
877 1102 1208 1140 CONTRARIO
1242 1102 1508 1139 DAMNARI
1537 1102 1676 1140 MUL-

212 1166 287 1203 ΤΟ
329 1164 519 1201 MAGIS.
565 1163 690 1201 ΝΛΜ
736 1164 824 1209 UT,
865 1165 910 1201 SI
953 1164 1083 1207 QUIS
1125 1163 1327 1202 EORUM
1369 1163 1679 1203 DAMNATUS

214 1226 388 1271 ESSET,
416 1226 492 1263 TU
533 1225 657 1262 HAEC
690 1226 809 1263 NON
844 1225 1191 1263 SCRIPSISSES:
1235 1225 1329 1262 ITA
1361 1224 1678 1263 DAMNATUS

211 1290 288 1328 TU
320 1290 363 1326 SI
396 1288 600 1333 FUERIS,
623 1288 741 1326 NON
773 1287 1002 1325 SCRIBET
1032 1288 1204 1326 ALIUS.
1264 1288 1480 1333 Postremo,
1502 1288 1678 1326 oratione

213 1354 287 1391 hac
315 1357 495 1396 exeunte,
517 1350 698 1400 quaedam
732 1357 834 1401 sunt,
858 1363 944 1401 quae
976 1350 1135 1388 minima
1170 1356 1236 1388 aut
1267 1351 1484 1396 sententiae,
1506 1355 1574 1388 aut
1593 1363 1678 1389 ver-

214 1417 354 1454 borum
375 1412 595 1450 differentia
616 1413 705 1450 olim
727 1413 764 1450 in
788 1413 971 1462 Leptinca
991 1411 1240 1451 dicebantur.

269 1475 457 1526 Ejusdem
479 1474 559 1512 fere
581 1474 707 1513 aetatis
729 1481 767 1511 et
788 1488 871 1512 esse
894 1473 1071 1511 videntur
1086 1480 1126 1511 et
1149 1474 1199 1511 ab
1218 1473 1388 1524 antiquis
1410 1473 1680 1524 perhibentur,

215 1544 288 1589 (sc.
322 1537 483 1588 Olymp.
517 1537 622 1575 CVI.
663 1550 766 1575 anno
800 1542 929 1573 autern
967 1535 1245 1574 Demosthenis
1279 1537 1383 1574 circa
1413 1536 1584 1574 XXVII.
1614 1542 1682 1576 aut

217 1600 433 1647 XXVIII.)
462 1599 717 1644 Androtiana,
740 1598 944 1648 Leptinen,
967 1597 1235 1636 Aristocratea
1260 1603 1301 1636 et
1319 1598 1580 1645 Timocratea‚
1601 1611 1683 1636 om-

217 1664 322 1703 nium
343 1667 473 1699 autem
494 1661 616 1711 prima
639 1660 895 1703 Androtimm,
917 1672 1031 1710 quam
1052 1660 1161 1710 legis.
1219 1660 1419 1711 Scriptum
1440 1660 1544 1698 enim
1572 1673 1683 1712 repe-

217 1728 335 1767 rimus
357 1741 380 1765 a
396 1724 528 1762 Gellio
549 1724 642 1763 XV.
663 1725 728 1761 28.
787 1722 899 1760 Illud
925 1721 1018 1760 adeo
1038 1722 1084 1759 ab
1105 1724 1309 1773 utriusque
1330 1723 1504 1760 oratoris
1532 1722 1684 1761 studio-

217 1793 271 1829 sis
289 1788 596 1828 animadversum
619 1791 654 1823 et
674 1787 865 1836 scriplum
885 1789 953 1831 est,
971 1784 1075 1835 quod
1091 1784 1369 1822 Demosthenes
1381 1788 1417 1821 et
1437 1783 1569 1823 Cicero
1587 1785 1684 1835 pari

217 1858 335 1891 celate
351 1851 640 1889 illustrissimus
656 1849 854 1885 orationes
871 1848 912 1884 in
932 1847 1060 1884 causis
1079 1845 1271 1897 dixerint,
1291 1846 1394 1884 aller
1413 1846 1565 1884 ΚΑΤΑ
1586 1846 1687 1883 AN-

217 1913 518 1954 APOTIQNOE
544 1910 645 1949 ΚΑΙ
676 1910 831 1948 ΚΑΤΑ
861 1909 1275 1955 ΤΙΜΟΚΡΑΤΟΥΣ,
1305 1914 1452 1959 septem
1483 1914 1522 1946 et
1548 1909 1684 1960 viginti

217 1991 340 2015 annos
361 1982 490 2020 natus,
514 1975 619 2012 alter
637 1985 739 2011 anno
759 1973 889 2009 minor
904 1984 980 2022 pro
1000 1971 1056 2008 P.
1081 1971 1259 2016 Quintio,
1279 1971 1512 2020 septimoque
1530 1974 1565 2007 et
1587 1971 1684 2009 vice-

217 2040 314 2077 simo
329 2051 404 2089 pro
427 2037 513 2074 Sex.
538 2036 696 2073 Roscio.
754 2034 852 2071 Cum
875 2046 921 2070 eo
949 2033 1145 2071 consentit
1173 2032 1434 2070 Plutarchus:
1467 2038 1540 2069 τῶν
1568 2031 1603 2069 δὲ
1623 2031 1684 2079 δη-

219 2104 364 2151 μοσίων
385 2101 404 2137 ὁ
432 2098 501 2150 μὲν
521 2099 596 2136 κατ’
612 2096 901 2145 Ἀνδροτίωνος,
923 2096 982 2132 καὶ
1001 2095 1270 2147 Τιμοκράτους,
1302 2097 1360 2132 καὶ
1378 2095 1687 2146 Ἀριστοκράτους

219 2163 358 2211 ἑτέροις
372 2161 603 2212 ἐγράφησαν,
621 2157 720 2195 οὔπω
740 2160 785 2211 τῇ
805 2157 976 2206 πολιτείᾳ
992 2155 1336 2207 προσεληλυὲότος.
1358 2156 1452 2194 δοκεῖ
1466 2159 1538 2208 γὰρ
1560 2155 1689 2194 δυοῖν

216 2225 240 2268 ἢ
259 2230 390 2274 τριῶν
409 2221 569 2260 δέοντα
590 2222 663 2266 ἔτη
684 2220 927 2270 τριάκοντα
949 2222 1113 2268 γεγονὼς
1127 2219 1328 2267 ἐξενεγκεῖν
1346 2219 1431 2261 τοὺς
1445 2220 1586 2267 λόγους
1600 2219 1689 2256 ἐκεί-

219 2302 319 2328 νους.
351 2284 400 2322 Et
420 2283 594 2321 similiter
609 2280 960 2320 Halicarnassensis
977 2294 985 2318 :
1017 2281 1215 2333 ἒημοσίους
1232 2282 1373 2330 λόγους
1389 2284 1519 2331 ἤρξατο
1536 2282 1691 2333 γράφειν

219 2347 279 2383 ἐπὶ
293 2345 583 2395 Καλλιστράτου
596 2345 796 2395 ἄρχοντος,
813 2342 982 2380 εἰκοστὸν
999 2345 1059 2380 καὶ
1075 2345 1243 2394 πέμπτον
1258 2341 1357 2393 ἔχων
1372 2341 1452 2386 ’ἔτος
1465 2342 1692 2390 (turbantur

219 2408 446 2453 numeralia,
469 2407 638 2444 scribere
659 2405 760 2443 enim
782 2404 983 2443 debuisset
1005 2403 1188 2456 ἕβδομον)
1210 2406 1270 2442 καὶ
1289 2403 1391 2442 ἔστιν
1412 2407 1524 2442 αὐτοῦ
1545 2411 1690 2454 πρῶτος

220 2477 294 2508 τῶν
313 2470 352 2507 ἐν
373 2468 592 2519 ἕικαστηρίῳ
613 2465 996 2505 κατασκευασθέντων
1016 2469 1176 2515 ἀγώνων
1197 2468 1215 2503 ὁ
1233 2468 1328 2504 κατὰ
1346 2465 1633 2515 ’Δι’ἒροτίωιός,
1649 2466 1693 2503 ὃν

221 2536 392 2583 γέγραφε
412 2530 579 2581 Διοῖώρῳ
599 2533 647 2581 τῷ
665 2533 823 2579 κρίνοντι
842 2529 882 2567 τὸ
905 2531 1079 2581 ψήφισμα
1100 2530 1342 2580 παρανόμων.
1378 2527 1440 2565 Ad
1460 2529 1691 2564 Ammaeum.

221 2594 323 2637 Quae
343 2592 471 2630 omnia
494 2592 560 2629 nbi
582 2590 810 2642 perlegeris,
837 2597 956 2641 atque
986 2590 1087 2629 inter
1108 2604 1148 2628 se
1176 2589 1399 2632 contuleris,
1420 2588 1582 2639 (scripta
1603 2595 1692 2626 sunt

221 2656 321 2693 enim
344 2667 419 2692 non
443 2654 580 2691 niinori
601 2652 779 2701 veritate,
802 2665 920 2702 quam
943 2653 1199 2690 consonantia
1219 2656 1258 2689 et
1279 2649 1468 2701 ἀκριβείᾳ)
1492 2650 1692 2688 miraberis

220 2716 418 2768 prosecta,
438 2714 532 2766 quid
557 2713 629 2752 sibi
644 2714 759 2750 velint
775 2714 844 2750 ista
863 2720 1045 2764 portenta
1065 2712 1226 2764 Ulpiani
1248 2712 1285 2749 in
1308 2712 1418 2749 initio
1440 2711 1692 2759 scholiorum,

219 2778 326 2821 οὗτος
346 2779 364 2814 ὁ
385 2780 516 2826 λόγος,
539 2776 587 2814 de
611 2775 856 2813 Androtiana
887 2775 1072 2825 loquitur,
1093 2777 1205 2823 μετά
1236 2775 1339 2816 τοὺς
1370 2773 1693 2817 Φιλιππικοὺς

220 2842 368 2890 πρῶτός
397 2840 476 2877 ἔστι
508 2845 582 2876 τῶν
612 2837 814 2887 δημοσίων,
837 2839 920 2883 (aut
952 2838 982 2873 Si
1011 2836 1131 2874 mavis
1163 2849 1251 2873 cum
1283 2834 1413 2873 Codd.
1435 2835 1582 2885 Regiis,
1612 2835 1692 2873 ἒεὺ-

219 2903 335 2953 τερος)
351 2915 437 2940 cum
454 2902 538 2940 hzcc
557 2913 672 2938 causa
694 2898 929 2950 Philippicas
948 2912 1081 2936 omnes
1100 2898 1296 2936 orationes
1317 2910 1463 2950 casque
1481 2910 1541 2936 res
1562 2902 1691 2949 gestas
