1912 3187
224 106 327 157 138
488 117 709 162 BUTTM.
743 118 897 163 DISP.
931 120 1014 163 DE
1046 120 1144 164 OR.
1179 119 1418 164 DODON.

216 224 324 259 textu
339 235 519 270 expressae
537 227 727 262 difficultas
741 228 932 272 ejusmodi,
950 241 1031 275 quae
1048 241 1120 265 non
1142 241 1290 265 omnem
1306 231 1456 275 respuat
1470 230 1688 275 explicatio-

217 289 315 321 nem,
332 283 370 314 ct
386 291 580 316 consensus
599 282 716 317 Codd.
767 282 879 317 Dicat
895 295 1041 330 quoque
1068 286 1210 330 aliquis,
1233 287 1278 320 ab
1303 285 1383 330 ipso
1401 285 1689 320 scholio-firmari

217 334 412 369 lectionem
430 336 631 379 vulgatam;
657 337 812 381 repetito
828 337 928 372 enim
951 339 1128 373 vocabulo
1147 341 1381 385 παρηνέγκατε
1399 340 1545 374 additur
1557 342 1690 386 παρήλ-

214 390 305 431 Sere,
323 389 582 434 interpretandi
602 402 723 424 causa.
774 391 875 433 Quid
899 396 1022 428 tamen
1039 395 1069 428 si
1086 395 1146 428 illa
1163 399 1218 429 est
1234 397 1358 440 ipsius,
1385 396 1484 441 quod
1511 406 1686 441 propono,

217 445 405 488 παρῆκατε,
434 444 652 488 explicatio;
677 445 776 489 quod
804 446 1011 482 scholiastes
1039 460 1231 493 perperam
1259 451 1447 494 repetierit
1477 462 1498 484 a
1526 452 1689 495 παρὴκωῖ

218 498 424 543 cujusmodi
441 509 594 533 errorem
609 501 711 533 notat
722 500 928 545 Stephanus
945 504 992 537 ad
1009 513 1138 537 vocem
1156 505 1308 548 παρὴκω.
1324 504 1409 538 Vol.
1424 505 1454 539 Ι.
1467 516 1503 551 p.
1520 507 1623 540 1691.
1638 504 1688 539 D.

438 611 511 646 DE
537 611 789 650 ORACULO
819 615 1100 651 DODONAEO
1128 617 1476 654 POSTERIORE.

890 700 924 733 p.
944 692 1003 725 46.

267 764 400 801 Hesus
417 767 551 801 oraculi
569 767 713 802 initium
729 770 873 802 tantum
891 770 1087 809 excutiam,
1104 770 1201 814 quod
1218 770 1268 804 sic
1285 770 1395 814 vulgo
1411 769 1546 804 editur:

311 822 348 854 Ὀ
371 825 428 856 τοῦ
450 825 526 862 Διὸς
543 824 678 867 σήμαιν’
702 825 739 857 ἐν
762 824 917 868 Δωδώνῃ·
967 826 1118 869 Διονύσῳ
1147 826 1319 870 δημοτελεῖ
1341 827 1458 871 ἱερεῖον
1478 826 1617 868 τέλειον,
1635 826 1691 859 καὶ

267 879 417 920 κρατῆρα
439 877 572 921 κεράσαι
595 878 660 912 &Q

221 929 297 963 Hic
323 930 396 964 duo
425 934 510 965 sunt
537 931 672 976 quibus
698 932 909 968 offendaris:
936 933 1051 967 forma
1073 933 1276 979 imperfecti
1298 934 1440 979 poetica
1466 935 1601 980 σήμαιν’
1626 944 1690 979 pro

221 986 414 1030 ἐσήμαινεν,
434 986 489 1020 vel
507 986 629 1030 potius
653 998 716 1031 pro
740 989 907 1031 praesenti
925 991 1098 1033 σημαίιιει;
1123 989 1254 1023 deinde
1279 989 1443 1022 absentia
1460 990 1570 1030 verbi,
1591 988 1691 1023 undo

219 1041 380 1083 pendeat
405 1042 531 1085 ἱερεῖον.
585 1041 766 1086 Equidem
785 1043 821 1076 in
848 1043 909 1076 illo
935 1054 1009 1076 non
1035 1044 1171 1085 laboro,
1197 1046 1244 1085 et,
1274 1044 1361 1077 dum
1388 1043 1535 1077 meliora
1564 1044 1692 1088 aliquis

221 1094 385 1136 edoceat,
403 1098 556 1139 σημαίνει
573 1098 610 1130 ὲν
626 1102 663 1130 Δ.
682 1107 766 1130 cum
784 1097 965 1131 nonnullis
984 1098 1090 1131 codd.
1110 1098 1344 1131 scribendum
1365 1098 1505 1141 judico.
1557 1098 1618 1131 Ad
1635 1109 1693 1132 se-

219 1150 370 1192 quentia
387 1150 476 1183 nihil
494 1150 582 1183 dant
595 1150 710 1184 Codd.
730 1153 860 1195 praeter
876 1152 1088 1185 varietatem
1107 1153 1303 1196 δημοτελεῖν
1319 1151 1399 1196 (pro
1416 1152 1603 1196 δημοτελεῖ)
1618 1162 1691 1196 quo

220 1214 296 1237 rem
314 1204 452 1238 absolvi
469 1207 505 1237 et
521 1204 573 1239 sic
593 1205 717 1250 utique
734 1205 965 1240 scribendum
982 1207 1216 1251 cssejudicat
1234 1206 1409 1241 Reiskius
1424 1208 1461 1240 in
1477 1206 1609 1250 indice,
1627 1217 1693 1241 ne-

221 1269 293 1303 que
309 1259 412 1292 aliter
427 1259 545 1292 locum
563 1260 701 1293 excitat
717 1259 923 1304 Stephanus
939 1261 976 1294 in
992 1261 1102 1295 Thes.
1122 1272 1156 1295 v.
1175 1262 1383 1305 δημοτελεῖν.
1434 1261 1518 1305 Ego
1535 1271 1608 1306 quo
1625 1260 1692 1296 mi-

221 1323 292 1346 nus
308 1313 377 1346 illis
399 1314 605 1355 assentiam,
624 1314 746 1347 obstat
765 1314 922 1359 primum
946 1315 1026 1359 ipsa
1043 1326 1116 1349 vox
1143 1316 1350 1360 ὃημοτελεῖν,
1378 1326 1486 1360 quam
1509 1327 1692 1361 nusquam

221 1370 398 1410 praeterea
414 1378 602 1401 occurrere
617 1378 681 1411 pro
697 1371 794 1402 certo
810 1368 882 1402 fere
899 1369 1043 1403 tradere
1060 1370 1198 1410 ausim;
1224 1381 1273 1404 ex
1287 1380 1361 1403 uno
1374 1371 1469 1403 enim
1485 1371 1554 1404 hoe
1567 1373 1692 1406 nostro

221 1421 304 1455 loco
315 1422 352 1455 in
366 1422 539 1466 Stephani
551 1422 780 1456 'rhesaurum
796 1425 833 1456 et
847 1423 929 1457 hinc
946 1424 983 1458 in
997 1426 1118 1458 cetera
1131 1425 1254 1458 onmia
1267 1425 1436 1467 migravit
1452 1426 1585 1459 lexica.
1617 1425 1693 1460 Ne-

222 1487 295 1521 que
312 1477 426 1511 simile
443 1479 521 1511 veri
537 1477 716 1520 ejusmodi
733 1488 873 1520 vocem,
901 1490 1011 1523 quam
1036 1478 1252 1513 rarissimam
1279 1480 1408 1513 saltem
1435 1491 1512 1513 esse
1539 1479 1694 1525 quilibet

223 1532 414 1574 concedet,
440 1533 484 1566 ab
512 1532 668 1577 antiquis
691 1532 759 1566 illis
776 1533 1077 1578 Lexicographis,
1100 1534 1299 1578 Hesychia
1320 1535 1444 1577 Suida‚
1462 1535 1691 1579 Etymologo‚

223 1588 287 1631 qui
303 1590 425 1621 tamen
442 1588 616 1621 notiorem
640 1598 769 1621 vocem
795 1589 980 1633 δημοτελὴς
1002 1600 1127 1623 omnes
1145 1589 1332 1630 exhibent,
1355 1590 1462 1633 plane
1478 1590 1696 1633 praetermis-

224 1653 301 1676 sam
319 1653 408 1676 esse.
450 1643 595 1676 Deinde
612 1642 701 1687 quid
718 1654 843 1687 quaeso
857 1647 952 1677 esset
968 1645 1164 1689 δημοτελεῖν
1183 1645 1322 1688 ὶερεῖονῒ
1348 1654 1393 1677 an
1407 1644 1553 1688 publico
1571 1648 1693 1680 sumtu

224 1697 437 1731 sacrificium
454 1697 594 1731 facere?
619 1700 655 1731 at
672 1699 788 1743 ἱερεῖον
805 1700 860 1732 est
875 1698 1024 1739 victima,
1041 1709 1112 1732 non
1131 1698 1353 1743 sacrificium.
1406 1698 1569 1733 Scribere
1585 1699 1695 1743 igitur

225 1752 386 1795 oportuit
402 1753 596 1797 ὃημοτελεῒν
612 1753 681 1798 ἰερὰ
705 1752 831 1794 τέλεια;
857 1763 940 1786 nam
964 1755 1032 1798 ἱερὰ
1053 1754 1159 1787 τέλεια
1181 1754 1369 1787 notissima
1387 1756 1485 1796 sunt,
1505 1755 1621 1799 ἱερεῖον
1644 1756 1696 1788 τὲ-

223 1810 330 1849 Aaou,
351 1808 446 1852 apud
475 1808 642 1852 antiquos
658 1810 767 1849 certe,
789 1819 863 1841 nou
880 1808 979 1841 item.
1030 1808 1089 1842 An
1105 1809 1154 1842 sic
1173 1808 1283 1852 igitur
1298 1808 1534 1842 vertendum:
1558 1808 1696 1854 publico

224 1869 342 1896 sumtu
361 1862 534 1896 victimam
554 1864 709 1908 parare?
738 1865 774 1896 at
796 1862 965 1906 putidum
991 1863 1180 1898 hoc.——-Ne
1207 1863 1347 1897 diutius
1373 1874 1492 1897 morer
1511 1864 1696 1908 lectorem,

225 1917 315 1961 quid
329 1917 494 1960 sentiam,
519 1928 694 1962 promam.
743 1917 893 1952 Scilicet
916 1919 1043 1952 τέλειον
1069 1922 1282 1962 corruptum
1310 1919 1418 1952 credo
1445 1929 1492 1952 ex
1515 1921 1638 1961 τελεῖν,
1658 1921 1697 1952 et

226 1973 402 2016 δημοτελεῖ
417 1972 554 2006 solenni
569 1973 672 2016 lapsu
689 1983 737 2006 ex
757 1973 943 2017 δημοτελῆ;
969 1973 1102 2018 quibus
1126 1973 1284 2017 aptanda
1299 1982 1371 2006 vox
1395 1974 1522 2018 ἱερεῖον,
1540 1973 1695 2016 legendo

225 2028 307 2072 ἱερά·
326 2028 491 2071 δημοτελῆ
508 2028 577 2071 ἱερὰ
594 2029 703 2060 τελεῖν
719 2029 793 2060 est:
816 2026 953 2072 publico
975 2034 1103 2070 sumtu,
1127 2027 1263 2060 nomine
1279 2026 1449 2061 universae
1466 2027 1627 2069 civitatis,
1642 2039 1697 2061 sa-

227 2093 288 2115 cra
298 2081 437 2126 facere.
486 2081 610 2115 Facile
628 2082 742 2122 vides,
759 2081 911 2115 simulac
934 2093 1125 2126 perperam
1148 2081 1322 2126 scriptum
1349 2085 1445 2116 esset
1470 2083 1607 2125 τέλειον,
1626 2083 1696 2127 ἱερὰ

227 2139 409 2170 mutatum
428 2146 504 2169 esse
521 2136 557 2169 in
574 2137 661 2179 ἱερὸν
677 2138 725 2177 et,
752 2136 923 2180 quoniam
940 2137 1028 2181 ἱερὸν
1048 2134 1205 2178 (sanum)
1232 2137 1357 2170 τέλειον
1374 2147 1520 2170 sensum
1537 2147 1697 2171 commo-

228 2192 317 2225 dum
330 2202 404 2225 non
421 2191 545 2231 dabat,
563 2190 598 2223 in
616 2191 744 2234 ἱερεῖον.
785 2193 959 2235 Δημοτελῆ
977 2192 1045 2235 ἱερὰ
1067 2201 1123 2231 eo,
1140 2202 1248 2235 quem
1264 2191 1372 2224 modo
1388 2192 1569 2235 proposui,
1587 2202 1698 2226 sensu

228 2246 328 2280 dicta
348 2256 426 2280 esse
448 2256 556 2280 nemo
578 2246 688 2279 credo
715 2244 907 2287 dubitabit,
929 2244 998 2278 etsi
1023 2256 1072 2279 ex
1097 2244 1359 2290 antiquioribus
1382 2245 1592 2279 auctoribus
1616 2247 1698 2280 loca

227 2300 329 2334 nulla
344 2301 467 2336 afferre
490 2310 650 2345 possum.
700 2299 796 2333 Nam
815 2311 898 2344 quae
919 2300 1053 2344 profert
1074 2300 1280 2345 Stephanus
1306 2301 1343 2334 in
1359 2301 1470 2335 Thes.
1489 2312 1538 2336 ex
1561 2302 1694 2336 Demo-

229 2355 356 2389 sthene
373 2357 410 2388 et
427 2355 548 2399 Lysia,
573 2365 616 2388 ea
638 2354 728 2388 locis
753 2354 838 2397 ipsis
862 2354 1036 2399 inspectis
1053 2354 1200 2401 adfmm
1214 2355 1354 2401 publica
1371 2356 1552 2400 pertinere
1569 2356 1695 2400 reperi.

229 2411 488 2455 Xenophontis
499 2411 633 2452 locum,
649 2421 757 2455 quem
774 2410 910 2445 ibidem
924 2411 1103 2455 indigitat,
1120 2412 1282 2446 invenire
1299 2423 1371 2445 non
1386 2412 1499 2456 potui.
1539 2412 1698 2446 Lexico-

230 2466 357 2511 graphi
381 2468 502 2499 tamen
521 2465 673 2510 antiqui,
691 2465 753 2510 qui
770 2476 819 2500 ex
835 2466 956 2510 probis
971 2466 1203 2510 scriptoribus
1221 2478 1287 2501 sua
1309 2467 1449 2500 haurire
1467 2470 1696 2511 consuerant,

229 2531 295 2565 pro
312 2530 370 2554 mc
382 2519 530 2553 faciunt.
549 2521 739 2564 δημοτελεῖς
754 2521 870 2565 ἑορτὰς
886 2520 995 2554 habet
1007 2522 1142 2556 Pollux
1159 2522 1234 2556 IX.
1252 2524 1306 2555 10.
1324 2522 1363 2554 it.
1380 2521 1411 2555 I.
1425 2521 1695 2565 34.—Hesych.

232 2577 399 2620 δημοτελῆ
417 2576 497 2619 ἱερὰ,
515 2576 559 2614 εἷς
575 2579 595 2608 ἃ
615 2576 746 2618 Θύματα
764 2576 896 2608 δίδωσιν
909 2577 930 2616 ἡ
949 2577 1060 2616 πόλις.
1079 2577 1238 2621 δημοτικὰ
1256 2577 1287 2609 δὲ
1305 2579 1349 2615 εἰς
1363 2579 1385 2609 ἃ
1402 2577 1429 2608 οἱ
1447 2576 1544 2620 δῆμοι
1556 2576 1698 2620 (demi).

232 2629 318 2663 Hoc
336 2630 381 2663 de
398 2629 489 2663 sanis
506 2640 578 2662 non
595 2629 660 2662 nisi
679 2632 804 2662 coacte
822 2629 1016 2663 admodum
1034 2632 1234 2675 intelligas:
1252 2641 1286 2664 v.
1303 2630 1454 2664 Ruhnk.
1472 2631 1508 2664 in
1526 2630 1695 2675 Append.

233 2684 397 2728 Hesych.
417 2683 461 2717 ad
489 2683 523 2717 h.
539 2695 571 2718 v.
620 2683 759 2717 Eadem
787 2683 859 2716 sere
880 2684 991 2718 habet
1009 2685 1275 2730 Harpocration
1295 2685 1327 2719 h.
1348 2695 1379 2719 v.
1397 2686 1471 2729 qui,
1488 2685 1596 2720 sicuti
1613 2696 1698 2721 con-

234 2741 315 2784 stat,
332 2749 378 2773 ex
397 2737 553 2783 antiquis
570 2737 771 2772 oratoribus
787 2739 907 2772 omnia
925 2739 1060 2773 sumsit.
1417 2739 1647 2776 ΒυτΤΜΑΝΝ.
