1912 3187
225 126 329 180 136
618 140 981 184 BUTTMANNI
1016 140 1286 183 olsPUTT.

219 249 398 291 consulas,
411 248 573 283 invenies
585 248 720 283 Dionae
735 250 888 283 diversae
903 249 949 283 ab
961 249 1033 283 illis
1045 249 1212 283 omnibus
1229 247 1308 281 dcae
1322 255 1454 280 nomen
1469 245 1589 289 fuisse,
1600 256 1683 291 quae

218 303 314 338 inter
332 302 512 338 Titanides
528 304 796 345 recensebatur,
813 303 1071 348 Veneremque
1094 314 1143 337 ex
1161 303 1254 337 Jove
1272 300 1455 346 peperisse
1471 300 1686 345 perhibeba-

219 362 287 394 tur.
324 359 406 403 Ego
420 359 499 392 haec
513 359 634 392 omnia
647 357 795 402 (praeter
804 359 979 392 Gronovii
993 357 1215 402 opinionem)
1228 368 1314 391 vera
1326 356 1592 401 quadamtenus
1607 366 1686 391 esse

218 416 422 456 ostendam,
439 416 477 448 et
492 414 587 448 inter
604 425 642 447 se
659 413 854 448 conciliare
872 413 1039 446 studebo.
1082 413 1204 447 Ἔσται
1228 413 1260 446 δὲ
1288 414 1363 457 περὶ
1386 413 1499 446 αὐτῶν
1520 412 1652 457 βραχὺς
1667 413 1686 447 ὁ

217 472 333 516 λόγος,
354 471 417 515 κᾷν
437 471 567 503 ἄνωθεν
584 470 749 512 ἄρχεσθαι
764 469 860 510 δοκῶ,
876 470 919 501 ut
935 478 1019 501 cum
1036 471 1158 501 nostro
1176 468 1311 512 loquar.

266 526 348 560 Etsi
364 524 566 570 peculiares
588 524 787 568 unicuique
805 523 905 567 genti
920 522 1053 556 fuerint
1069 522 1194 566 mythi‚
1210 523 1246 555 in
1264 533 1307 555 eo
1323 524 1445 556 tamen
1462 532 1590 555 omnes
1611 521 1686 556 fere

218 580 445 615 consensisse
466 578 648 620 videntur,
665 581 717 620 ut,
733 578 764 611 si
780 578 902 622 plures
926 576 1020 611 deos‘
1039 580 1287 621 agnoscerent,
1305 587 1487 610 summum
1503 578 1686 619 quendam

217 636 330 669 deum
346 637 548 668 ceterorum
563 644 685 678 regem
700 635 903 667 statuerent
916 633 1022 678 eique
1039 643 1192 666 uxorem
1209 631 1446 676 assignarent.
1481 632 1582 666 Huic
1594 633 1687 667 Deae

218 690 289 723 nisi
306 690 454 723 aliunde
470 699 603 722 nomen
620 688 843 730 adhaesisset,
855 699 901 722 ex
920 688 1001 732 ipso
1019 687 1138 721 mariti
1156 687 1300 721 nomine
1317 687 1407 720 illud
1426 687 1617 721 deflectere
1633 698 1689 721 so·

217 745 353 779 lebant.
394 744 453 778 Sic
468 755 515 778 ex
529 743 617 777 Jove
633 743 836 778 formabant
848 743 1037 785 Junonem,
1053 743 1105 776 sic
1122 744 1193 783 Ζὴν
1209 742 1393 776 deflexum
1411 744 1467 776 est
1482 742 1518 776 in
1533 744 1640 784 Ζάνω,
1651 746 1690 776 et

217 800 270 834 sic
287 810 361 834 non
383 799 514 833 dubito
537 799 626 844 quin
643 799 786 843 Pelasgi
805 799 942 843 antiqui
963 799 1001 843 (a
1016 797 1151 843 quibus
1173 797 1314 831 oriundi
1332 796 1493 840 Epirotae
1511 800 1549 830 et
1565 796 1690 831 Dodo-

217 855 304 899 naei)
319 865 474 889 uxorem
492 858 550 888 τοῦ
568 857 645 895 Διὸς
661 854 824 888 dixerint
841 857 984 896 Διώνην,
1003 864 1086 898 quae
1112 852 1260 886 nomina
1277 852 1398 885 omnia
1415 851 1503 885 nihil
1521 851 1691 886 differunt

218 921 240 944 a
256 913 337 950 θεὸς
352 913 390 944 et
406 911 541 944 Θέαινα.
578 910 685 944 Uxor
697 909 806 953 igitur
818 909 842 943 J
845 910 932 952 ovis,
945 911 983 943 et
999 908 1140 948 eadem,
1154 918 1238 952 quae
1257 907 1385 941 ceteris
1403 907 1574 950 gentibus
1583 906 1691 948 Juno,

219 965 380 1011 Epirotis
404 966 474 1000 suit
501 966 640 1004 Dione;
675 967 713 998 et
739 966 790 999 sic
819 965 950 999 melius
976 964 1207 997 declarantur
1231 963 1333 996 numi
1356 962 1602 1006 Epirotarum,
1626 962 1691 1007 qui

217 1032 355 1063 omnes,
372 1031 445 1055 non
461 1021 736 1055 Dodonaeorum
753 1021 883 1062 solum,
898 1020 1001 1053 Jovis
1017 1022 1055 1053 et
1074 1019 1214 1052 Diones
1233 1017 1387 1061 effigiem
1405 1017 1565 1060 junctim
1590 1016 1692 1051 exhi-

217 1076 305 1111 bent
322 1078 371 1120 (v.
386 1077 544 1110 Gronov.
558 1077 581 1110 1.
596 1075 660 1118 c.),
674 1085 785 1120 quam
804 1076 833 1109 si
849 1075 1024 1108 minorem
1043 1074 1203 1118 aliquam
1221 1074 1341 1115 deam,
1358 1083 1439 1117 quae
1455 1083 1544 1106 casu
1560 1072 1598 1106 in
1615 1072 1692 1106 Do-

217 1132 338 1166 donaei
355 1132 481 1176 templi
498 1131 720 1165 consortium
737 1131 889 1171 venerit,
907 1131 1053 1164 Dionen
1071 1129 1210 1163 credas.

262 1188 416 1221 Dudum
434 1187 665 1220 observatum
688 1187 744 1218 est
764 1195 787 1218 a
810 1185 892 1218 viris
910 1185 1037 1224 doctis,
1053 1183 1312 1226 mythologiam
1328 1182 1542 1216 Graecorum
1559 1191 1693 1225 conge-

214 1244 303 1277 riem
328 1253 405 1276 esse
425 1241 767 1282 diversissimarum,
795 1241 842 1273 de
863 1240 995 1273 iisdem
1018 1249 1116 1282 saepe
1137 1237 1260 1277 rebus,
1281 1236 1472 1270 fictionum
1497 1240 1536 1271 et
1550 1237 1693 1280 mytho-

215 1308 308 1332 rum.
355 1296 505 1331 Scilicet
519 1294 551 1329 is
567 1297 645 1329 erat
663 1305 739 1328 mos
755 1294 987 1339 antiquarum
1013 1292 1179 1337 gentium
1203 1294 1241 1326 et
1263 1292 1447 1336 praecipue
1465 1292 1691 1335 Graecorum,

213 1355 256 1387 ut
270 1353 407 1386 nullam
421 1361 541 1395 neque
555 1349 732 1392 majorum
748 1359 907 1390 suorum,
919 1358 1038 1392 neque
1053 1347 1279 1390 singularum
1295 1357 1371 1380 suae
1385 1346 1506 1390 gentis
1519 1346 1692 1389 tribuum,

214 1418 335 1452 neque
353 1407 443 1441 adeo
459 1408 667 1439 exterarum
680 1405 881 1445 nationum,
894 1402 1119 1446 religionem,
1136 1401 1275 1435 nullam
1289 1400 1597 1445 superstitionem,
1612 1403 1693 1436 nul-

216 1464 292 1497 lum
312 1464 430 1506 poctae
445 1459 607 1504 cujusvis
625 1459 837 1504 antiquioris
854 1459 1102 1492 commentum
1118 1467 1183 1500 pro
1199 1455 1325 1489 fictitio
1336 1465 1484 1499 prorsus
1502 1455 1694 1499 haberent,

215 1518 280 1553 sed
305 1518 596 1562 unumdquoque
621 1516 743 1560 potius
767 1515 842 1548 suis
867 1513 1000 1558 mythis
1023 1512 1293 1546 immiscerent:
1322 1521 1365 1544 ea
1382 1514 1505 1545 tamen
1528 1512 1621 1555 lege,
1638 1515 1693 1552 ut,

214 1584 305 1619 quos
321 1572 471 1618 quidem
488 1571 576 1604 deos
592 1570 666 1604 suis
681 1568 952 1615 quodammodo
970 1567 1105 1601 similes
1123 1566 1300 1608 viderent,
1310 1576 1376 1610 pro
1394 1566 1536 1607 iisdem,
1548 1566 1616 1600 etsi
1633 1567 1687 1600 di-

213 1639 316 1664 verso
333 1627 490 1667 nomine,
508 1625 705 1666 haberent;
732 1625 762 1658 si
776 1635 863 1658 vero
883 1623 959 1657 suis
975 1621 1190 1656 commentis
1214 1632 1269 1664 ea,
1292 1632 1374 1665 quae¹
1393 1621 1437 1655 ab
1456 1621 1536 1655 aliis
1552 1622 1687 1656 tradita

214 1685 349 1724 essent,
359 1683 467 1727 plane
480 1690 687 1725 repugnare
699 1679 955 1722 intelligerent,
967 1677 1126 1711 diversos
1139 1687 1237 1721 saepe
1250 1676 1349 1718 deos,
1360 1676 1423 1721 qui
1438 1687 1561 1711 revera
1574 1677 1685 1711 iidem

212 1742 328 1782 erant,
349 1738 548 1773 crederent.
599 1736 783 1770 Posterius
806 1735 916 1778 igitur
939 1734 1008 1768 hoc
1025 1735 1103 1766 tum
1121 1743 1268 1777 quoque
1285 1731 1330 1765 iis
1347 1732 1491 1772 accidit,
1509 1742 1592 1766 cum
1611 1732 1687 1766 sive

212 1806 316 1839 reges
333 1794 481 1827 deorum
498 1791 649 1825 traditos
665 1791 883 1831 invenirent,
900 1789 964 1834 qui
988 1799 1074 1822 cum
1092 1788 1197 1828 Jove,
1214 1788 1289 1822 sive
1311 1797 1447 1821 uxores
1467 1787 1491 1821 J
1494 1787 1583 1828 ovis,
1602 1798 1685 1832 quae

214 1860 299 1883 eum
316 1848 339 1882 J
342 1858 463 1882 unone
480 1846 624 1880 misceri
639 1856 713 1879 non
730 1855 834 1890 posse
853 1844 1073 1878 viderentur.
1124 1843 1196 1876 Sed
1212 1853 1307 1876 nova
1323 1845 1401 1876 tum
1419 1842 1605 1876 existebat
1620 1842 1697 1877 dis:

213 1904 376 1943 ficultas;
401 1902 522 1947 plures
548 1902 643 1935 enim
664 1911 766 1944 reges
784 1899 971 1943 reginasve
988 1898 1180 1932 admittere
1203 1897 1388 1931 nolebant.
1437 1897 1549 1930 Hanc
1567 1897 1618 1930 ita
1633 1908 1688 1930 re-

213 1959 369 1993 movisse
385 1957 474 1991 mihi
489 1957 661 1990 videntur
674 1953 915 2000 antiquissimi
934 1956 1064 1998 poetae,
1079 1956 1123 1986 ut
1139 1952 1226 1985 deos
1242 1952 1321 1985 illos
1338 1961 1507 1995 regnasse
1523 1951 1687 1995 quidem,

213 2014 277 2048 sed
302 2025 323 2047 a
343 2014 436 2048 Jove
454 2023 518 2046 suo
545 2011 674 2053 victos,
698 2011 870 2054 coeloque
896 2008 1166 2053 pulsos‚—dcas
1183 2018 1268 2041 curn
1285 2006 1379 2040 Jove
1396 2016 1593 2039 consuesse
1609 2006 1687 2050 qui-

213 2070 309 2109 dem,
327 2071 365 2101 at
380 2067 560 2111 legitimas
578 2077 711 2100 uxores
727 2075 798 2098 non
816 2065 936 2106 fuisse,
954 2063 1138 2097 docerent.
1189 2062 1240 2095 Et
1256 2061 1333 2095 haec
1350 2060 1386 2093 ni
1403 2059 1507 2094 fallor
1522 2071 1608 2094 vera
1632 2064 1688 2095 est

213 2123 314 2168 origo
338 2122 470 2156 fabulae
489 2121 533 2155 de
554 2120 741 2155 Titanibus
763 2120 861 2153 coelo
885 2117 1051 2159 turbatis,
1077 2119 1115 2150 ct
1137 2117 1182 2150 de
1199 2116 1297 2150 Jovis
1315 2114 1510 2149 concubinis
1526 2114 1582 2156 iis,
1601 2126 1686 2160 quae

212 2179 306 2213 inter
321 2176 514 2217 Titanida,
533 2175 629 2210 Coeli
646 2175 747 2215 filias,
764 2177 801 2207 et
816 2174 909 2207 inter
921 2173 1096 2207 Titanum
1114 2171 1205 2205 filias
1221 2171 1483 2211 referebantur,
1501 2173 1544 2203 ut
1560 2169 1687 2211 Metis,

213 2237 257 2268 ut
271 2232 432 2272 Themis,
448 2234 491 2266 ut
507 2232 662 2273 Latona,
681 2232 723 2264 ut
740 2229 870 2272 Dione,
895 2239 986 2273 quas
1010 2237 1137 2261 omnes
1162 2226 1293 2260 diversi
1313 2224 1427 2269 mythi
1443 2225 1529 2260 Jovi
1551 2235 1687 2259 uxores

212 2289 359 2323 dabant⁴

260 2344 410 2377 Etenim
427 2342 465 2377 in
482 2353 525 2376 eo
542 2353 562 2375 a
578 2351 617 2374 se
638 2341 796 2375 invicem
815 2339 1034 2374 recedebant
1056 2341 1185 2383 gentes
1201 2338 1239 2371 et
1255 2336 1464 2380 mythorum
1481 2336 1687 2370 inventores

213 2399 332 2443 primi,
348 2401 390 2432 ut
406 2398 538 2432 summi
556 2398 705 2431 deorum
723 2395 833 2429 uxori
852 2395 977 2428 munia
994 2394 1053 2428 alii
1072 2394 1142 2427 alia
1159 2393 1370 2426 tribuerent.
1422 2391 1482 2426 Sic
1500 2392 1589 2435 ’Ἠρη
1607 2392 1686 2423 erat

212 2454 417 2498 symbolum
435 2452 536 2494 aeris,
556 2452 700 2486 Latona
716 2451 844 2491 noctis,
860 2450 1062 2494 prudentiae
1078 2448 1204 2489 Metis,
1215 2447 1371 2491 justitiae
1384 2446 1547 2480 Themis.
1589 2445 1683 2486 Quae

213 2508 335 2542 onmia
361 2518 512 2541 uxorem
538 2506 642 2540 Jovis
669 2505 776 2539 valde
803 2505 946 2544 decent,
971 2507 1079 2548 prout
1104 2503 1201 2537 hunc
1226 2503 1358 2547 ipsum,
1376 2502 1451 2535 sive
1478 2499 1683 2543 symbolum

215 2566 322 2605 Coeli,
339 2565 413 2598 sive
430 2566 620 2608 parentem
647 2562 748 2602 lucis,
777 2561 852 2594 sive
881 2570 1063 2594 summum
1080 2559 1269 2593 hominum
1286 2557 1467 2599 deumque
1485 2554 1686 2588 moderato-

212 2631 289 2654 rem
306 2619 372 2653 tibi
388 2619 504 2662 fingis.
556 2617 686 2661 Neque
704 2616 813 2659 igitur
837 2622 974 2660 patrem
990 2621 1300 2660 generatoremque
1324 2611 1487 2644 omnium
1503 2619 1586 2654 quae
1601 2611 1686 2641 sunt

212 2675 417 2710 dedecebat
430 2683 535 2713 uxor,
550 2671 755 2715 symbolum
772 2670 901 2704 amoris
917 2676 948 2704 et
963 2668 1136 2708 connubii,
1149 2676 1333 2712 quamque
1345 2666 1429 2699 ideo
1444 2674 1528 2698 cum
1541 2662 1685 2697 Venere

212 2741 279 2764 sua
294 2730 490 2764 miscerent
513 2728 641 2771 gentes
659 2725 752 2758 aliae.
803 2724 930 2768 Hujus
953 2734 1040 2758 sane
1063 2721 1258 2762 Pelasgicae
1278 2720 1416 2754 Diones
1434 2719 1510 2752 sive
1526 2718 1685 2752 Junonis

211 2786 366 2829 vestigia
387 2793 544 2827 agnosco
567 2781 604 2814 in
632 2780 709 2824 ipsa
736 2779 916 2813 Italorum
943 2778 1042 2822 (cum
1067 2777 1229 2819 Pelasgis
1255 2775 1364 2819 stirpe
1391 2771 1686 2818 conjunctorum)

212 2844 250 2874 et
265 2841 514 2874 Romanomm
531 2836 690 2876 Junone‚
709 2835 918 2878 nuptiarum
938 2832 1112 2877 praeside;
1144 2830 1209 2864 etsi
1237 2830 1274 2863 hi
1300 2830 1471 2863 seriorum
1498 2827 1685 2871 ceteroqui

209 2896 420 2930 Graecorum
438 2894 602 2928 notiones
620 2889 835 2934 adoptarint,
853 2888 874 2922 J
879 2897 1112 2932 unonemque
1132 2896 1252 2920 aerem
1277 2885 1482 2920 inferiorem
1501 2883 1683 2928 praedica-

1702 1839 1717 1859 ᾗ
