1912 3187
520 173 610 216 AD
641 173 1244 218 AmsTofflToNEAM.
1496 166 1605 220 347

158 264 268 312 illud,
289 279 337 304 an
361 263 527 316 grande,
547 264 745 311 ardenter,
768 279 815 303 an
847 266 1009 317 turgide
1028 266 1190 318 dictum,
1212 265 1319 317 quod
1349 267 1387 304 in
1419 267 1605 306 Oratione

160 329 325 366 eminere
343 333 382 366 et
401 332 549 364 exstare
577 327 743 366 videtur.
799 327 1031 378 Priusquam
1064 335 1191 366 autem
1214 341 1367 366 manum
1389 327 1438 365 de
1459 329 1605 375 tabula,

158 390 299 428 addam
328 388 510 426 nonnulla
543 387 602 425 llis
636 389 786 427 Similia.
817 390 992 436 νεάλης
1021 389 1057 428 δὲ
1087 391 1146 426 καὶ
1175 391 1388 441 πρόσφατος
1410 397 1606 438 -περιῆν

159 453 272 488 αὑτοῦ
300 452 677 499 τεταριχευμένου
708 451 742 495 ξ.
773 451 834 498 ιγ’.
857 450 957 488 med.
989 451 1037 488 de
1057 450 1210 488 duobus
1240 450 1419 500 ergastuli
1450 450 1603 496 incolis,

156 524 233 549 uno
262 523 393 549 recens
423 510 574 559 hospite
599 510 715 558 facto,
746 512 882 557 altero,
902 512 968 562 qui
997 513 1033 550 in
1066 525 1112 550 eo
1141 512 1383 551 inveteravit.
1440 513 1504 562 Et,
1525 513 1606 555 τοὺς

155 572 377 616 ἐπιλήπτους
407 573 515 622 φησὶν
541 571 687 617 ἰᾶσθαι,
710 573 822 616 αὐτὸς
847 576 897 611 ὣν
927 574 1182 619 ἐπίληπτος
1211 574 1312 629 πάσῃ
1347 575 1547 625 πονηρίᾳ
1575 574 1605 614 ἕ.

153 633 211 675 ιζ’.
234 633 296 670 fin.
353 633 517 679 Deinde,
543 635 582 672 ἒν
612 637 763 684 κρίσεσι,
794 637 854 672 καὶ
873 638 995 683 α’γῶσι
1015 657 1068 663 —
1086 637 1258 678 ἅπαντας
1287 635 1383 673 εἶναι
1410 635 1606 683 βούλεται.

153 698 271 732 ταῦτα
305 701 493 745 γεωργεῖ
513 701 589 733 etc.
609 702 640 745 ξ.
661 697 709 740 ιὴ.
729 702 818 734 ante
836 695 937 733 med.
958 695 1064 734 ταῦθ’
1081 695 1186 738 οὗτος
1210 696 1368 747 μονονοὺ
1399 697 1573 735 κώδωνα
1587 714 1606 740 ς

151 754 440 804 ἐξαψάμενος
473 756 734 807 διαπράττεται
765 755 882 799 §.1:st
916 762 1007 807 post
1041 756 1143 794 med.
1193 758 1373 805 Demum,
1412 758 1606 805 α’«ἓληταὶ

154 822 227 854 τῶν
245 820 368 855 καλῶν
386 817 509 869 ἐ’ργων
528 818 702 866 ἐγένοντο
723 826 754 869 ξ.
775 817 846 866 κβν.
864 818 930 857 fin.

205 879 287 915 AR!
300 888 498 916 STOGJTO
518 879 596 924 ille,
620 879 688 929 qui
707 879 744 917 in
767 880 974 919 criminosa
994 881 1066 920 hac
1085 880 1260 919 oratione
1279 894 1302 919 a
1322 881 1519 933 Scriptore
1535 895 1604 919 no-

153 947 234 978 stro
259 940 461 986 laceratur,
483 941 632 979 Rhetor
660 947 743 979 erat
762 942 941 988 Athenis,
964 957 1077 994 quem
1098 943 1235 982 habuit
1262 944 1300 981 in
1322 944 1420 993 Rep.
1441 943 1606 981 admini-

151 1002 311 1040 stranda
341 1002 626 1041 Demosthenes
655 1003 730 1041 sibi
759 1004 1032 1044 adversarium,
1090 1006 1150 1044 De
1184 1019 1230 1043 eo
1256 1006 1407 1044 consuli
1441 1012 1606 1057 possunt

152 1081 219 1118 σχ.
235 1065 416 1115 Hermog.
436 1064 656 1115 aliquoties,
678 1066 907 1109 Quintilian.
925 1068 1018 1106 XII.
1035 1073 1098 1106 10.
1117 1068 1318 1106 Plutarch.
1337 1068 1374 1105 in
1393 1067 1605 1113 Phocione,

153 1125 287 1163 Tzetz.
310 1126 414 1164 Chil.
434 1126 504 1164 VI.
524 1131 590 1165 95.
622 1133 697 1165 etc.
730 1128 927 1166 Maussac.
959 1129 1008 1166 ad
1036 1129 1230 1179 Harpocr.
1260 1143 1298 1180 p.
1328 1133 1415 1169 117.
1447 1135 1487 1167 et
1516 1142 1604 1179 quae

146 1186 231 1237 jam
252 1187 418 1225 diximus
439 1189 478 1226 in
508 1189 615 1226 aditu
637 1189 853 1236 Orationis,
875 1203 991 1239 quam
1020 1190 1154 1227 habuit
1175 1190 1376 1228 AEschines
1397 1204 1432 1228 c.
1454 1190 1603 1227 Timar-

150 1248 280 1287 chum.
351 1250 396 1288 In
438 1251 571 1302 primis
611 1251 779 1289 facetum
817 1251 915 1288 illud
964 1251 1013 1289 de
1056 1252 1333 1302 Aristogitone,
1375 1251 1482 1301 quod
1522 1265 1604 1289 me-

151 1316 324 1348 moratur
351 1324 374 1348 a
395 1312 608 1350 Plutarcho
637 1313 675 1349 in
696 1312 990 1361 Apophthegm.
1040 1313 1140 1350 Cum
1172 1313 1234 1350 ille
1258 1313 1341 1362 jani
1371 1314 1538 1351 cicutam
1565 1314 1604 1351 in

150 1384 308 1410 carcere
339 1379 421 1410 erat
450 1373 671 1417 hausturus,
693 1373 932 1411 Phocionem
960 1373 1148 1422 optimum
1177 1373 1296 1411 civem
1320 1375 1521 1412 conveniri
1541 1388 1603 1411 vo-

148 1432 238 1471 luit:
268 1446 429 1483 eamque
458 1447 541 1472 rem
570 1434 778 1478 nonnullis,
809 1434 874 1483 qui
898 1433 1087 1472 Phocioni
1114 1434 1339 1480 studebant,
1359 1435 1602 1474 dehortanti-

149 1494 236 1539 bUS,
257 1496 315 1531 καὶ
334 1503 405 1532 ποῦ
424 1513 480 1538 τις
504 1497 563 1542 ἂν,
584 1494 699 1541 εἶπεν,
719 1495 821 1541 ἥδιον
841 1495 1140 1546 Ἀριστογείτονι
1168 1499 1386 1541 λαλήσειενς
1414 1498 1454 1535 Si
1478 1498 1602 1548 qualis

147 1555 264 1593 fuerit
286 1555 469 1602 dicendo,
491 1570 617 1607 rogas,
646 1557 904 1607 respondebit
932 1559 1214 1609 Hermogenes,
1238 1560 1304 1609 qui
1334 1573 1488 1598 omnem
1521 1574 1604 1599 ora·

144 1616 262 1655 tionis
290 1617 450 1656 formam
483 1619 618 1656 sedulo
648 1625 687 1656 et
716 1619 997 1657 studiosissime
1024 1619 1282 1671 investigavit.
1339 1621 1400 1660 Ita
1420 1622 1494 1668 ille,
1514 1635 1603 1673 pag.

143 1678 250 1716 Edit.
279 1679 404 1730 Crisp.
425 1685 516 1719 368.
563 1681 639 1718 Καὶ
667 1684 743 1730 μὴν
764 1682 823 1718 καὶ
851 1681 891 1719 τὸ
917 1680 985 1731 πρὸ
1012 1688 1085 1719 τῶν
1111 1682 1327 1729 ἀποδείξεων
1355 1683 1559 1734 λοιδορίαις
1578 1687 1601 1730 ἢ

146 1739 388 1791 σφοδρότησιν
405 1743 479 1787 εἰκῆ
498 1741 719 1793 κεχρῆσθαι,
746 1744 768 1788 ἢ
790 1741 885 1780 ἔνθα
910 1742 1006 1785 ὅλως
1030 1743 1186 1793 μηδενὸς
1214 1748 1379 1782 τοιούτου
1400 1744 1466 1789 δεῖ,
1488 1746 1601 1782 καθά-

146 1816 212 1850 περ
232 1801 363 1841 ε“ι’ωὲἐν
380 1805 669 1854 Ἀριστογείτων
688 1810 818 1850 ποιεῖν,
836 1806 1037 1855 φαινομένη
1054 1808 1111 1847 τίς
1125 1805 1240 1853 ἐστιν,
1258 1808 1300 1843 οὗ
1319 1808 1395 1855 μὴν
1418 1805 1513 1844 οὖσα
1533 1807 1600 1845 ἕει-

144 1866 266 1909 νότης.
285 1865 462 1903 ὑπόκενον
482 1868 553 1914 γὰρ
573 1867 631 1902 καὶ
651 1865 797 1916 ψυχρὸν
817 1868 968 1917 μᾶλλον
988 1867 1027 1904 τὸ
1048 1872 1227 1904 τοιοῦτον.
1274 1867 1478 1912 Crederes,
1502 1868 1601 1906 lianc

142 1924 314 1964 fabulam
343 1939 420 1964 non
450 1927 498 1965 de
520 1927 797 1978 Aristogitone,
818 1941 947 1965 verum
979 1928 1132 1966 nomine
1160 1933 1321 1973 mutato,
1355 1929 1404 1966 de
1433 1937 1600 1975 oratore,

142 1987 210 2037 qui
242 1988 304 2026 hic
331 1995 467 2026 contra
493 1990 758 2039 Aristogitona
788 1990 905 2028 verba
935 1990 1084 2034 habuit,
1117 1989 1208 2028 dici.
1265 1991 1325 2027 Ita
1357 1992 1600 2030 concordant

142 2062 230 2088 cum
252 2050 325 2088 hac
347 2050 452 2098 crisi,
475 2064 564 2101 quae
593 2051 712 2089 modo
733 2051 903 2090 lecturus
924 2051 1013 2090 eris.
1069 2051 1211 2101 Neque
1231 2052 1330 2089 enim
1354 2053 1598 2091 solummodo

141 2112 400 2150 adversarium
429 2113 646 2163 proscindit
666 2114 734 2164 πρὸ
762 2121 834 2152 τῶν
854 2112 1085 2161 ἀποδείξεων,
1107 2125 1238 2152 verum
1266 2125 1337 2164 per
1365 2119 1484 2153 totam
1516 2114 1598 2153 fere

141 2173 356 2211 orationem
375 2175 591 2212 convicium
607 2188 710 2221 acre,
725 2176 911 2223 ἀπόδειξις
931 2176 1047 2214 nulla.

194 2233 379 2284 Adjicere
402 2235 525 2282 lubet,
554 2250 642 2286 quae
661 2237 710 2275 de
744 2238 817 2275 hoc
844 2238 999 2276 homine
1021 2236 1158 2276 Suidas
1179 2237 1354 2285 corrasit,
1374 2250 1450 2276 non
1470 2239 1596 2278 aliena

138 2295 190 2333 ab
210 2295 269 2341 iis,
291 2309 379 2346 quae
399 2297 437 2334 in
468 2298 526 2335 his
549 2299 801 2337 Orationibus
821 2300 869 2338 de
896 2313 942 2337 eo
974 2300 1181 2350 leguntur:
1207 2299 1499 2351 Ἀριστογείτων
1518 2302 1595 2339 Κυ-

140 2356 316 2407 διμάχου,
335 2359 357 2403 ἢ
385 2358 629 2410 Λυσιμάχου,
653 2360 868 2406 Ἀθηναῖος,
900 2362 1028 2411 ῥήτωρ,
1057 2360 1194 2411 μητρὸς
1227 2360 1262 2398 δὲ
1294 2361 1594 2413 ἀπελευιὲερικῆς,

138 2418 241 2462 ὅστις
259 2420 470 2458 ἐπεκαλεῖτο
489 2422 599 2460 Κύων
614 2421 674 2460 dea*
696 2426 762 2469 τὴν
782 2423 977 2461 α’ναίδειαν
997 2425 1121 2468 αὑτοῦ,
1142 2421 1319 2474 ε’φονεὺἓη
1339 2423 1375 2460 δὲ
1395 2424 1463 2461 ὑπὸ
1479 2424 1592 2471 Ἀθη-

137 2483 267 2526 ναίων,
288 2483 427 2530 λόγους
447 2487 622 2528 ποιήσας,
643 2483 881 2531 Ἀπολογίαν
902 2484 995 2534 πρὸς
1015 2482 1265 2534 Δημοσθένην
1284 2484 1349 2522 τὸν
1369 2487 1595 2535 στρατηγόν.

136 2542 228 2592 πρὸς
247 2541 481 2594 Λυκοῦργον.
499 2548 592 2582 κατά
606 2544 805 2596 Τιμοθέου.
825 2548 918 2583 κατὰ
935 2546 1149 2597 Τιμάρχου.
1163 2547 1257 2584 κατεῖ
1275 2547 1481 2598 ’Υπερίδοω
1496 2552 1591 2585 κατά

138 2604 376 2652 Θρασύλλου.
407 2603 645 2656 Ὀρφανικόν.
663 2612 702 2643 et
730 2606 917 2656 proxime,
939 2619 1025 2643 nani
1048 2620 1125 2644 non
1146 2613 1205 2645 est
1224 2607 1337 2656 alius,
1357 2608 1590 2659 Ἀριστογεί-

138 2679 210 2701 των
232 2664 426 2716 Σκυὸίμου,
458 2667 699 2717 συκοφάντης.
730 2668 856 2705 τούτου
886 2669 905 2704 ὁ
930 2671 1048 2719 πατὴρ
1078 2670 1245 2720 ὀφλήσας
1271 2673 1319 2721 τῷ
1351 2669 1510 2721 δημοσίῳ
1535 2686 1591 2707 τε-

140 2725 253 2776 λευτᾷ
272 2726 311 2763 έν
330 2730 379 2778 τῷ
402 2727 641 2781 δεσμωτηρίῳ,
663 2731 721 2767 καὶ
748 2731 859 2773 αὐτὸς
880 2730 1166 2783 Ἀριστογείτων
1184 2735 1277 2782 μετὰ
1297 2738 1411 2770 ταῦτα
1432 2736 1480 2775 ὡς
1501 2736 1587 2780 κλη-

136 2785 294 2834 ρονόμος
313 2794 374 2824 τοῦ
393 2789 608 2840 ὀφλήματος
627 2790 749 2838 ἐδέθη.
771 2794 792 2837 ἡ
813 2791 848 2829 δὲ
868 2794 987 2843 μήτηρ
1013 2793 1157 2844 ἐπράθη
1174 2794 1243 2831 ὑπὸ
1263 2798 1324 2831 τοῦ
1341 2793 1467 2843 δήμου.
1489 2795 1528 2831 ἐν
1550 2795 1587 2833 ἒὲ

139 2848 190 2896 τῷ
216 2846 441 2902 δεσμωτηρίῳ
472 2854 615 2903 κλέψας
643 2860 899 2906 γραμματεῖον
930 2858 1166 2904 κατεγνώσθη
1187 2856 1256 2893 ὑπὸ
1286 2861 1357 2892 τῶν
1378 2854 1586 2905 ἕεσμωτῶν.

141 2908 198 2944 Καὶ
216 2909 279 2952 Τὴν
297 2910 397 2958 ῥῖνα,
418 2911 459 2950 οὗ
474 2913 513 2951 τὸ
533 2921 789 2965 γραμματεῖον
808 2914 976 2966 ἔκλεψεν,
995 2916 1145 2967 ἔφαγεν.
1169 2919 1226 2954 καὶ
1244 2914 1401 2963 Ζωβίαν
1421 2917 1587 2964 ὑποδεξα-
