1912 3187
561 171 646 212 AD
680 169 777 212 ΟΒ.
812 168 1055 211 CONTRA
1086 168 1340 212 MIDIAM.
1604 163 1669 210 11

224 280 362 320 modus
398 290 517 330 ‘quam
547 277 825 329 ignominiosus
859 277 975 315 fuerit
1005 282 1044 315 et
1089 289 1287 314 servorum
1325 276 1522 326 proprius,
1557 278 1673 316 docet

221 342 370 393 prolixe
389 341 537 378 Tollius
554 339 649 377 ibid.
669 352 709 390 p.
726 343 816 377 232.
885 339 1067 389 Jungitur
1086 338 1154 383 illi,
1184 344 1328 375 nostrae
1349 337 1534 375 orationis
1567 344 1595 382 ς.
1616 340 1673 378 κά.

221 403 262 442 τὸ
290 403 352 439 ἐπὶ
379 403 507 453 κόῤῥης
533 402 658 451 τύψαι,
692 400 716 439 i.
740 414 774 439 e.
811 400 851 438 τὸ
884 403 950 445 τὴν
985 399 1130 448 ’γνάὲον
1162 402 1325 450 πλατείᾳ
1354 401 1489 445 πλῆξαι
1526 400 1621 449 χειρὶ
1654 414 1675 436 e

219 463 430 513 Phrynichi
451 471 490 501 et
507 463 672 500 Thomae
694 462 875 513 Magistri
894 461 1167 512 explicatione.

243 545 246 547 Δ
273 524 411 562 Oratio
433 524 519 561 haec
544 524 628 574 ipsa
656 523 851 574 scriptane
878 523 928 561 sit
951 523 1073 560 solum
1103 535 1150 560 an
1171 521 1277 565 dicta
1296 521 1344 559 ad
1359 520 1541 570 judices?
1570 534 1674 571 quae-

217 589 276 622 rat
299 585 453 635 aliquis.
509 585 707 623 Docemur
726 591 852 622 autem
879 584 930 622 ab
956 584 1137 621 AEschine
1160 584 1202 634 (ε.
1224 583 1265 621 κ’.
1295 595 1323 634 ς.
1345 582 1405 619 οἵτ’.
1437 597 1469 620 κ.
1498 582 1674 634 Κτησιφ.)

217 647 450 697 transegisse
488 646 792 684 Demosthenem
832 658 919 683 cum
955 644 1094 690 Midia,
1130 644 1287 694 triginta
1321 643 1431 680 minis
1460 643 1509 680 ab
1536 656 1583 680 eo
1610 655 1674 680 ac-

216 707 351 756 ceptis.
386 707 645 744 Posteriorem
661 707 788 743 locum
803 705 1173 754 adscriberejuvat:
1196 703 1437 756 Δημοσθένης
1451 707 1517 749 τὴν
1532 706 1676 755 μιαράν

215 771 379 820 κεφαλὴν
395 771 531 815 ταύτην
549 771 609 805 καὶ
628 767 846 814 ὑπεύθυνον,
860 768 904 813 ἢν
917 766 1022 810 οὗτος
1034 770 1068 816 (ὁ
1082 768 1296 815 Κτησιφῶν)
1309 768 1410 815 παρὰ
1429 765 1575 807 πάντας
1591 765 1676 806 τοὺς

215 831 351 880 νόμους
371 833 539 882 γέγραφε
560 836 805 881 στεφανῶσαι,
827 830 993 880 μυριάκις
1009 830 1268 879 κατατέτμηκε,
1291 830 1349 864 καὶ
1367 827 1501 865 τούτων
1520 824 1674 877 μισθοὺς

216 890 354 943 εἴληφε,
374 892 583 943 τραύματος
603 892 641 929 ἐκ
660 896 837 942 προνοίας
859 895 1006 944 γραφεὶς
1028 893 1273 943 γραφόμενος,
1293 891 1352 927 καὶ
1380 888 1677 926 κατακεκονδύλι-

217 968 316 1000 σται,
329 957 419 991 ὥστε
434 953 547 991 αὐτὸν
561 955 688 1004 οἰόμαι
707 956 752 990 τὰ
767 960 838 991 τῶν
858 953 1042 991 novitiam
1060 955 1151 1004 ἰ’χνη
1167 959 1236 990 τῶν
1250 951 1403 989 Μειδίου
1419 952 1523 1004 ἔχειν
1537 949 1589 987 ἔτι
1608 957 1677 1000 φα.

214 1014 315 1063 νερᾶ.
335 1016 355 1052 ὁ
382 1018 459 1065 γάρ
478 1014 677 1066 ἄνθρωπος
705 1017 747 1052 οὐ
774 1018 950 1066 κεφαλὴν,
980 1017 1084 1052 ἀλλά
1115 1014 1329 1065 κεφάλαιον,
1352 1014 1526 1057 κέκτηται.
1582 1010 1673 1055 Hic,

216 1074 283 1111 ubi
302 1076 388 1126 plus
407 1077 521 1114 liceat
543 1090 657 1127 quam
678 1076 841 1125 injusta
861 1076 1061 1115 lEschinis
1077 1075 1262 1120 editione,
1283 1087 1361 1111 non
1383 1071 1557 1110 dubitavi
1578 1071 1675 1108 asci-

214 1148 323 1175 scere
343 1138 686 1187 ingeniosissimam
707 1139 850 1188 Toupii
873 1138 1155 1188 conjecturam,
1177 1149 1255 1186 qua
1273 1135 1334 1173 ille
1348 1135 1460 1183 joco,
1480 1134 1573 1171 alias
1593 1131 1676 1169 infi-

214 1203 315 1243 ceto,
328 1199 504 1237 aculeum
519 1212 559 1237 se
571 1199 725 1238 dedisse
742 1213 818 1236 non
834 1200 1026 1236 immerito
1040 1199 1244 1248 gloriatur:
1274 1195 1483 1234 scribendo
1497 1194 1674 1231 nimirum

215 1258 415 1309 κεφάλαιον
433 1272 506 1310 pro
526 1260 720 1310 πρόσοδον,
740 1260 844 1310 quod
863 1267 920 1298 est
939 1260 975 1296 in
997 1260 1178 1297 omnibus
1198 1258 1321 1295 libris.
1379 1256 1584 1293 Glossema
1597 1255 1674 1291 hoc

215 1318 335 1366 sapit;
366 1325 427 1357 est
453 1320 552 1357 enim
580 1320 778 1370 κεφάλαιον
806 1326 939 1370 caput,
966 1320 1068 1357 unde
1096 1332 1222 1356 usurae
1250 1318 1426 1355 redeunt.
1482 1317 1581 1353 Cum
1601 1315 1675 1352 hac

213 1377 291 1414 litis
306 1379 575 1428 cauponandae
594 1380 779 1418 facilitate
800 1381 899 1417 male
920 1380 1098 1430 profecto
1119 1380 1197 1417 coit
1216 1378 1468 1429 grandiloqua
1489 1376 1562 1414 ista
1584 1376 1678 1413 inte-

213 1439 362 1487 gritatis
391 1453 470 1478 suae
489 1441 539 1479 ab
561 1442 666 1478 omni
691 1442 939 1492 corruptione
967 1442 1103 1480 alienae
1130 1440 1339 1478 ostentatio
1365 1438 1468 1488 apud
1500 1443 1674 1475 nostrum

215 1499 320 1550 §.fist
341 1506 379 1539 et
399 1502 436 1551 §.
453 1502 494 1548 ξ’.
548 1501 626 1547 Sic,
654 1502 767 1550 cujus
796 1502 992 1551 ingenium
1015 1503 1260 1545 mirabamur,
1281 1501 1366 1549 ejus
1385 1499 1554 1536 animum
1577 1510 1675 1548 pene

213 1567 461 1600 contemnere
480 1562 680 1600 discimus.
735 1562 830 1599 Erat
849 1562 952 1598 enim
972 1568 1109 1599 contra
1124 1563 1228 1612 leges
1244 1561 1345 1610 ipsas
1367 1560 1455 1598 talis
1471 1573 1598 1597 causa:
1616 1573 1675 1597 re-

212 1621 346 1659 missio
368 1624 406 1672 §.
426 1623 480 1662 ιά.
499 1636 557 1673 sq.
573 1629 613 1660 et
632 1623 686 1661 ιδ’.
744 1622 863 1665 Quod
883 1622 1000 1673 igitur
1020 1622 1150 1660 habita
1172 1623 1259 1660 haec
1280 1635 1356 1659 non
1377 1622 1450 1658 suit
1472 1621 1611 1665 oratio,
1628 1634 1675 1657 eo

212 1681 358 1721 factum
386 1697 470 1722 esse
488 1689 682 1734 putarunt
704 1690 875 1722 veterum
899 1683 1030 1733 aliqui,
1052 1690 1093 1722 ut
1113 1684 1307 1730 affectam,
1324 1695 1402 1720 non
1427 1681 1676 1732 perpolitam,

212 1744 449 1794 relinqueret
468 1758 550 1783 eam
571 1750 713 1784 orator.
771 1744 869 1782 Inde
890 1745 1141 1795 repetitarum
1158 1745 1311 1794 aliquot
1327 1742 1604 1781 sententiarum
1619 1754 1676 1778 ra-

211 1803 359 1842 tionem
380 1804 492 1842 reddi
512 1818 629 1855 posse
643 1804 800 1854 judicat
815 1806 990 1844 Photius.
1022 1807 1079 1843 Ex
1100 1806 1175 1843 hoc
1196 1818 1335 1856 genere
1352 1804 1416 1841 illa
1433 1804 1676 1853 potissimum

214 1869 274 1902 est
299 1865 524 1910 similitudo,
549 1878 664 1915 quam
691 1867 742 1903 ab
775 1866 892 1918 ἐράνῳ
920 1872 1118 1904 mutuatur
1138 1867 1212 1911 bis,
1236 1872 1276 1904 et
1310 1866 1348 1915 ᾗ.
1368 1867 1425 1908 κῆ.
1446 1870 1484 1902 et
1505 1864 1565 1902 νά.
1595 1864 1675 1900 De-

216 1925 454 1963 mosthenes.
484 1926 676 1976 Equidem
697 1927 869 1977 Tayloro
889 1927 1082 1965 assentior
1102 1927 1186 1977 qui,
1206 1940 1295 1964 cum
1315 1924 1587 1968 Phot10,hanc
1608 1924 1677 1961 ite-

213 1986 401 2024 rationem
432 1987 726 2026 commentantis
753 1987 869 2026 fuisse
893 1994 1004 2038 putat
1027 1995 1067 2026 et
1095 1986 1335 2032 fluctuantis,
1365 1998 1443 2036 quo
1473 1985 1561 2022 loco
1591 1984 1677 2022 talis

215 2047 407 2086 sententia
424 2049 620 2098 aptissime
641 2049 882 2100 poneretur?
913 2049 1037 2086 Simili
1060 2049 1192 2094 modo,
1213 2048 1286 2086 etsi
1306 2060 1350 2085 ea
1371 2047 1527 2085 brevior
1548 2053 1606 2083 est
1624 2046 1676 2083 lo-

215 2108 336 2154 cutio,
358 2108 418 2147 bis
437 2110 599 2160 legitur:
630 2110 735 2149 ἔσται
752 2109 903 2162 βραχύς
923 2111 941 2148 ὁ
962 2112 1077 2158 λόγος
1098 2108 1170 2162 agiu
1186 2111 1327 2148 ἄνωθεν
1343 2124 1374 2146 κ.
1391 2124 1424 2146 τ.
1439 2110 1477 2144 λ.
1501 2108 1538 2157 §.
1555 2109 1623 2155 κγ’.
1636 2113 1676 2145 et

214 2174 275 2221 μέ.
330 2171 456 2214 Quale
478 2178 607 2210 autem
627 2178 667 2210 et
686 2179 875 2222 quantum
901 2172 1045 2221 ingenii
1066 2172 1185 2208 robur
1204 2171 1243 2208 in
1264 2176 1418 2208 oratore
1439 2176 1574 2206 nostro
1594 2168 1675 2206 fue-

217 2233 280 2278 rit,
300 2232 339 2270 id
358 2239 438 2271 tum
459 2235 625 2272 maxime
645 2241 821 2286 apparet,
841 2248 929 2273 cum
952 2234 1177 2271 inchoatum
1207 2234 1282 2272 hoc
1309 2233 1394 2282 ejus
1426 2237 1466 2269 et
1491 2231 1673 2269 affectum

216 2293 335 2331 modo
361 2307 459 2343 opus
488 2301 548 2334 tot
572 2309 618 2334 ac
645 2296 762 2334 tantis
791 2296 968 2334 videmus
1000 2295 1206 2346 splendere
1232 2293 1454 2333 virtutibuS.
1510 2292 1674 2330 Maximi

216 2354 302 2391 haec
322 2355 446 2393 oratio
467 2370 617 2406 semper
632 2357 735 2395 facta
754 2363 813 2396 est
832 2358 881 2395 ab
902 2356 1193 2408 elegantissimis
1215 2355 1435 2405 quibusque
1456 2354 1580 2392 omnis
1599 2353 1674 2392 aevi

217 2415 453 2455 hominibus.
508 2418 635 2456 Testis
655 2418 704 2457 sit
724 2419 872 2458 Plinius
893 2419 1032 2464 minor,
1053 2419 1201 2456 citante
1221 2417 1407 2468 Tayloro.

731 2487 758 2514 ἑὲ
930 2489 957 2515 ³*
1131 2489 1158 2516 ἒξ

481 2643 575 2686 EX
607 2644 922 2687 EDITIONE
964 2640 1404 2686 HERVAGIANA

794 2735 1098 2773 PRAEFATIo.

271 2835 628 2876 DEMOSTHENES
643 2851 776 2889 pugno
791 2851 915 2877 caesus
928 2837 966 2876 in
980 2838 1134 2877 theatro
1147 2850 1168 2874 a
1183 2835 1318 2874 Media
1334 2830 1560 2872 Atheniensi
1574 2843 1674 2880 prae-

219 2892 352 2942 divite,
370 2909 455 2936 eum
475 2898 523 2937 ad
542 2900 728 2952 populum
745 2901 953 2940 accusavit.
1009 2901 1122 2938 Tunc
1140 2898 1239 2937 enim
1266 2897 1316 2935 ab
1336 2896 1400 2933 illo
1421 2893 1597 2945 pulsatus
1615 2898 1674 2929 est
