1912 3187
428 142 647 185 ΚΑΤΑ
696 138 1432 184 ΑΡΙΣΤΟΚΡΑΤΟΥΣ.

1557 131 1656 187 197

278 255 336 329 ξ’.
378 253 494 322 Atys
523 252 565 307 δ’
584 255 734 315 αὖτοῖς
759 254 895 307 αὐτ-ὃν
923 253 998 307 τᾶν
1022 254 1143 326 νόμον
1169 253 1244 307 τὸν
1269 252 1397 324 puero?
1423 253 1592 306 ταῦτα.

824 389 1042 428 ΝΟΜΟΣ.

359 456 458 500 Τους
490 457 518 495 δ’
550 457 799 509 α’νδροφόνους
832 458 964 505 ἐξεῖναι
990 460 1218 497 ἀποκτείνειν
1249 458 1290 496 ἐν
1319 460 1362 513 τῇ
1391 456 1562 511 ἡμεδαπῇ
1598 458 1660 494 καὶ

306 513 485 560 ἀπάγειν,
522 514 572 554 ὡς
604 511 645 549 ἐν
677 515 725 563 τῷ
751 513 882 558 ’'AEovt
917 513 1099 561 ἀγορεύει
1126 514 1374 561 λυμαίνεσθαι
1405 511 1445 549 δὲ
1475 513 1597 562 μὴ,μ

1572 510 1661 562 μηδὲ

306 565 486 613 ἆποιναν,
517 583 540 611 η
566 565 720 603 διπλοῦν
752 564 914 618 ὀφείλειν
947 564 1036 603 ὅσον
1067 582 1115 603 αν
1143 563 1385 619 καταβλάψη·
1420 567 1598 616 εἰσφέρειν
1627 563 1663 601 δὲ

301 619 386 660 τοὺς
419 619 609 669 ἄρχοντας
642 615 694 656 ὠν
733 635 877 657 εκαστοι
906 618 1074 657 δικασταί
1105 621 1175 657 εἶσι
1204 622 1252 670 τῶ
1278 606 1505 670 βουλομένω,
1537 620 1604 664 τὴν
1634 617 1662 655 δ’

300 671 482 709 Ἡλιαίαν
513 671 783 720 διαγινώσκειν.

199 780 248 810 καὶ
272 779 335 823 ἕλῃ
369 781 416 812 ’τὸν
442 781 603 822 aagendam.
645 783 734 812 Hanc
763 792 839 820 rem,
868 781 915 812 uti

197 834 299 864 spero,
315 825 465 865 expedivi
480 825 516 855 ad
533 825 657 865 Lysiam
673 835 743 866 pag.
760 828 832 857 1:36.
850 830 912 856 not.

199 869 231 897 6.
258 867 417 900 TAYLOR.

243 908 277 950 ζ’.
291 911 434 952 ΝΟΜΟΣ]
451 911 487 941 In
499 911 556 941 hac
569 912 653 950 Lege
665 911 758 941 multa
772 911 916 941 Salmasi-

202 962 254 982 um
271 957 424 993 torquent,
439 964 566 993 quorum
580 965 647 992 quae
663 954 784 994 potiora
799 959 869 984 sunt
885 960 916 984 et

199 996 344 1035 graviora
354 998 403 1027 hie
419 997 573 1027 delibabo.
587 997 692 1027 Primo
706 1008 714 1027 t
732 997 825 1034 Quod
841 997 916 1027 nihil

201 1038 333 1069 alienum
349 1040 447 1080 magis
465 1051 480 1070 a
497 1045 598 1070 mente
612 1040 830 1070 Demosthenis
845 1051 915 1079 pro-

200 1081 276 1112 ferri
287 1083 388 1121 potuit
404 1093 439 1113 ea
455 1084 550 1122 Lege,
565 1094 631 1122 quae
645 1084 768 1122 juberet
783 1083 914 1122 aliquem

200 1124 322 1164 privata
337 1127 520 1155 auctoritate
536 1126 679 1161 interfici,
696 1137 767 1155 cum
782 1136 846 1155 eam
867 1126 916 1164 ip-

202 1177 267 1196 sam
282 1168 491 1198 crudelitatem
504 1168 535 1197 in
547 1168 757 1198 Aristocratea
773 1169 916 1198 suasione

202 1210 295 1240 toties
325 1211 464 1250 exagitet
496 1211 556 1240 iste
587 1212 713 1242 Rhetor.
759 1212 913 1241 Secundo:

204 1252 296 1289 Quod
315 1254 383 1283 Lex
398 1254 448 1283 τοῦ
471 1254 646 1283 ἀποκτείνειν
669 1254 822 1283 licentiam
844 1265 917 1283 con-

202 1296 303 1333 cedat,
326 1306 374 1332 ea,
397 1307 465 1335 quae
489 1296 608 1325 minora
635 1301 716 1331 sunt,
740 1306 850 1331 vexare,
870 1307 916 1326 ex-

201 1340 351 1374 cruciare,
373 1339 529 1377 pecunz'am
548 1343 727 1377 extorquere,
753 1338 914 1376 improbet.

201 1381 306 1411 Tertio
322 1392 328 1411 :
349 1381 441 1417 Quod
458 1391 493 1410 ea
512 1381 665 1410 locutione
685 1380 854 1411 ἀποκτείνειν
868 1382 915 1411 καὶ

201 1423 328 1461 ἆωίιγειν
337 1424 447 1463 jubeat
456 1423 579 1458 abduci,
591 1423 642 1461 qui
655 1425 716 1462 jam
727 1428 824 1453 morte
838 1425 916 1454 mul-

200 1469 282 1495 tatus
299 1466 349 1496 sit.
378 1467 514 1504 Quarto:
540 1466 631 1503 Quod
649 1466 679 1495 in
696 1467 779 1505 Lege
801 1477 818 1496 a
837 1468 916 1498 Dra-

201 1518 277 1539 cone
287 1509 349 1539 lata
359 1509 447 1551 (tulit
459 1509 550 1545 enim,
563 1514 598 1538 ut
608 1509 705 1548 liquet
716 1520 755 1539 ex
767 1511 841 1540 636.
856 1510 916 1552 11.)

200 1551 344 1582 Axonam
361 1551 473 1582 mentio
489 1553 570 1582 facta
588 1552 640 1588 sit,
660 1563 737 1591 quos
764 1563 782 1582 a
804 1553 915 1583 Solone

199 1594 298 1634 primo
315 1595 450 1625 adhiberi
466 1600 571 1625 notum
587 1600 644 1625 est.
670 1596 802 1634 Quinto:
822 1596 914 1633 Quod

199 1638 239 1668 de
253 1637 391 1677 legitimo
404 1638 569 1678 supplicio,
582 1648 680 1677 neque
694 1639 724 1667 in
739 1649 915 1669 monumen-

199 1680 254 1717 tis,
269 1691 368 1721 neque
383 1681 414 1710 in
430 1681 619 1717 auctoribus,
639 1680 671 1711 τὸ
686 1680 854 1711 ἀποκτείνειν
869 1683 915 1712 di-

201 1727 284 1753 ctum
311 1724 498 1763 reperiatur,
525 1725 578 1753 sed
609 1724 728 1762 ἓοινάτῳ
759 1725 915 1765 ζημιῶσαι.

203 1765 275 1796 Alia
289 1767 396 1802 multa,
412 1777 479 1806 quae
496 1767 618 1806 prolixe
633 1767 672 1796 de
684 1767 731 1796 his
747 1768 838 1797 rebus
850 1769 915 1798 dis-

203 1809 278 1838 serit
305 1809 336 1838 iu
367 1813 497 1839 tractatu
530 1809 624 1839 toties
654 1820 672 1839 a
699 1819 747 1838 me
780 1810 915 1841 laudato.

202 1851 340 1888 Quorum
355 1853 501 1893 plurima,
516 1862 583 1891 quae
601 1863 662 1892 prae
677 1852 870 1882 festinatione
885 1859 916 1884 et

200 1895 296 1925 nimio
312 1895 424 1934 capitis
449 1896 570 1925 fervore
592 1896 631 1924 ab
647 1895 769 1925 homine
789 1896 915 1925 excide-

200 1943 283 1973 runt,
299 1939 336 1967 ab
348 1938 387 1968 iis
402 1939 640 1977 redarguuntur,
655 1938 707 1977 qui
725 1949 845 1978 operam
863 1939 914 1969 isti

199 1981 245 2010 rei
270 1981 495 2021 impenderunt.
534 1981 628 2020 Legis
650 1982 766 2011 interea
782 1986 914 2012 mentem

200 2023 309 2063 pulcre
341 2024 472 2064 exponit
496 2024 667 2061 Heraldus,
693 2025 781 2063 cujus
812 2025 915 2055 verbis

196 2067 261 2104 jam
282 2070 368 2097 ntor:
393 2071 415 2085 ‘¹
432 2069 500 2097 Lex
527 2067 632 2097 Attica
659 2068 793 2097 exsulem
820 2069 915 2097 caedis

202 2119 306 2145 causa,
322 2109 404 2139 intra
427 2110 501 2140 fines
518 2111 754 2149 deprehensum.
770 2111 916 2140 occidere

202 2152 411 2190 permittebat,
436 2158 488 2183 aut
512 2154 549 2183 ad
577 2153 794 2193 Magistratum
818 2155 916 2183 dedu-

202 2204 295 2224 cere:
327 2205 387 2224 non
414 2196 497 2234 quod
524 2196 626 2225 occidi
658 2207 725 2225 eum
755 2196 862 2233 vellet,
890 2198 916 2227 si

201 2242 308 2276 posset
333 2238 482 2276 prehendi
505 2244 535 2268 et
560 2238 592 2268 in
616 2241 669 2278 jus
695 2239 780 2274 duci,
803 2241 856 2269 sed
882 2246 917 2270 ut

202 2290 273 2310 eum
294 2290 313 2310 a
336 2281 400 2310 suis
425 2280 535 2311 finibus
566 2281 688 2311 omnino
711 2282 914 2313 absterreret:

201 2322 276 2353 item
289 2323 313 2353 si
329 2323 407 2353 sorte
424 2324 593 2359 resisteret,
609 2328 641 2354 et
657 2323 717 2354 vim
731 2330 916 2364 opponeret,

202 2366 297 2396 sciret
314 2365 409 2396 licere
425 2367 645 2398 contumaciam
664 2377 748 2396 suam
771 2370 916 2407 praesenti

201 2413 299 2438 morte
316 2408 476 2440 multare.”
501 2411 570 2439 Non
583 2411 635 2449 jus
651 2415 767 2440 certum
781 2421 817 2440 ea
832 2412 915 2450 Lege

201 2452 313 2482 sanciri
339 2451 482 2488 credidit,
506 2458 558 2482 aut
583 2451 718 2482 voluisse
743 2453 917 2492 Legislato-

200 2505 277 2531 rem,
303 2499 336 2524 ut
358 2496 398 2525 ad
424 2499 538 2525 tantam
564 2495 759 2525 severitatem
785 2507 915 2535 unquam

201 2538 433 2577 procederetur,
452 2549 570 2573 verum,
586 2543 620 2567 ut
643 2538 674 2567 in
697 2541 765 2578 jure
790 2539 915 2578 antiquo

200 2581 294 2610 multa
311 2581 486 2620 hujusmodi
501 2581 709 2617 inveniuntur,
721 2581 914 2612 comminanti

202 2623 334 2653 similem
348 2624 445 2653 multa
457 2624 646 2664 permittere,
661 2635 787 2662 quorum
804 2625 915 2654 atroci-

202 2670 294 2696 tatem
310 2677 461 2705 nunquam
483 2667 627 2706 expromi
645 2672 791 2705 speraret.
828 2668 869 2697 Et
884 2673 916 2698 ut

203 2708 233 2738 in
255 2719 292 2738 ea
311 2715 411 2739 mente
427 2720 540 2745 essem,
558 2710 684 2740 suadent
699 2711 794 2740 verba
813 2711 915 2739 Plato-

203 2751 250 2780 nis
271 2753 310 2781 ab
330 2753 438 2781 eodem
455 2753 602 2782 adducta:
625 2752 687 2782 Ἐιὶν
709 2753 735 2783 δέ
753 2765 797 2787 τις
821 2752 918 2795 ἒωιβῃ

204 2793 309 2823 τούτων
323 2796 373 2828 τῆς
387 2807 436 2825 του
433 2795 623 2848 Νφονευθὲντος
637 2797 742 2837 χώρας,
759 2796 771 2825 ὁ
784 2807 916 2834 προστυ-

205 2836 265 2875 χῶν
280 2846 385 2874 πρωτος
409 2840 463 2867 τῶν
485 2837 585 2869 οἰκείων
609 2851 657 2868 του
682 2839 880 2875 ἀποθανόντος,
901 2839 915 2870 ἦ

205 2877 254 2907 καῖ
266 2880 320 2907 Τῶν
317 2882 467 2931 -πῦλῑτων,
482 2881 610 2910 ἀνατεὶ
634 2892 815 2917 κΤΕΗΙΕΤω,
840 2896 853 2912 η
872 2883 917 2911 371*

207 2931 262 2953 σας
284 2921 342 2955 τοῖς
367 2921 485 2962 ἄρχουσι
511 2926 564 2953 τῶν
595 2926 642 2955 τὴν
669 2924 740 2956 δίκην
765 2926 917 2965 κρινάντων,

949 783 1055 812 κτεῖναι
1082 781 1244 822 παξαδότω.
1274 782 1378 812 Verba
1403 781 1506 820 itaque
1530 778 1665 810 ἀποκτεί-

948 835 998 856 νειν
1020 826 1079 861 καὶ,
1097 836 1165 865 quae
1184 824 1351 855 Salmasius
1367 825 1460 859 tollit,
1481 834 1540 853 non
1557 823 1666 853 viden-

949 873 999 898 tur
1023 869 1157 908 expungi
1174 869 1297 898 debere.
1329 869 1379 898 Ita
1402 868 1433 896 in
1449 868 1532 906 Lege
1549 866 1587 895 de
1604 868 1665 896 Fu-

948 911 1035 941 ribus
1049 911 1217 946 nocturnis,
1234 921 1301 950 quae
1324 910 1505 950 producitur
1519 920 1536 939 a
1550 909 1666 938 Demo-

950 955 1057 985 sthene
1087 966 1114 984 c.
1144 955 1362 990 Timocratem,
1392 964 1423 992 p.
1452 954 1527 983 736.
1558 955 1588 981 1.
1617 952 1667 981 ed.

949 997 1061 1027 Reisk.
1078 998 1100 1027 εἶ
1115 996 1143 1027 δέ
1159 1008 1205 1031 τις
1216 997 1323 1037 νύκτωρ
1336 997 1435 1032 §aava
1451 995 1584 1031 κλέπτοι,
1602 996 1667 1024 ’τοῦ-

949 1052 996 1071 τον
1011 1039 1109 1079 ἐξεῖναι
1130 1041 1195 1070 καὶ
1221 1040 1471 1075 ἀποκτεῖναι,
1498 1037 1546 1067 καὶ
1560 1039 1667 1076 τρῶσαι

949 1084 1094 1120 διώκοντα,
1123 1083 1182 1112 zai
1220 1083 1448 1121 ἀπαγαγεῖν
1475 1082 1534 1115 τοῖς
1563 1079 1666 1110 ἕνδεκα.

949 1126 1107 1156 TAYLon.

992 1167 1046 1201 Ὦς
1070 1167 1096 1198 ἐν
1117 1167 1160 1207 τῷ
1179 1166 1270 1207 Ἀξονι
1295 1166 1431 1208 ἀγορεύει]
1454 1167 1528 1197 Sub.
1545 1165 1663 1204 ὅνόμος.

949 1210 1072 1242 WoLf.
1099 1212 1221 1250 Nempe
1253 1212 1304 1240 lex
1330 1211 1379 1241 vel
1403 1210 1575 1250 legislator.
1601 1212 1668 1240 Au-

953 1264 1034 1284 CER.

993 1295 1142 1337 Ἀγοςεύει]
1167 1295 1409 1336 Ἀπαγοςεύει
1435 1295 1513 1326 Cod.
1531 1296 1613 1334 Reg.
1637 1306 1666 1325 οι.

951 1338 1167 1379 διαγορεύει
1190 1339 1306 1369 mavult
1320 1339 1465 1368 WVollius.
1498 1337 1666 1368 Salmasius

950 1381 1067 1411 interea
1091 1382 1124 1411 in
1148 1382 1227 1412 libro
1250 1382 1375 1412 laudato
1393 1392 1464 1420 pag.
1488 1383 1563 1412 768.
1589 1382 1624 1416 ὡς
1640 1379 1668 1411 ἐν

951 1424 993 1462 τῷ
1015 1424 1088 1462 ἄξονι
1112 1424 1330 1465 ἦγόςευτιιι,
1355 1425 1488 1464 refingit,
1513 1425 1607 1463 idque
1627 1434 1666 1453 ex

952 1467 1170 1497 Demosthenis
1197 1468 1450 1507 interpretatione
1474 1468 1593 1507 liquere
1616 1467 1669 1502 ait,

951 1520 1011 1548 qua
1034 1510 1066 1539 id
1090 1512 1247 1549 exposuit,
1272 1512 1307 1544 ὡς
1330 1511 1445 1550 εἴρηται,
1468 1521 1501 1549 p.
1525 1513 1598 1541 630.
1616 1513 1667 1540 12.

949 1553 1065 1582 Iterum
1090 1554 1162 1582 vide
1180 1554 1351 1584 Heraldum
1375 1559 1502 1592 recepta
1517 1557 1669 1588 tuentem,

950 1596 987 1625 L.
1003 1596 1060 1625 IV.
1085 1595 1120 1626 C.
1139 1597 1179 1626 V.
1195 1596 1221 1636 ᾗ.
1238 1599 1269 1626 7.
1285 1615 1328 1620 -
1345 1599 1374 1627 9.
1399 1598 1558 1627 TAYLOR.
1582 1597 1667 1635 Lege

950 1639 1062 1679 ἀγοςε
1073 1638 1087 1668 ύ
1098 1649 1109 1668 ε
1120 1650 1168 1669 τοι
1179 1652 1199 1675 ι,
1224 1639 1300 1669 utin
1317 1639 1456 1679 proxima
1471 1639 1584 1679 pagina
1599 1639 1668 1680 εἴρη-

951 1693 1012 1711 ται.
1034 1683 1158 1713 JUR1N.

988 1723 1025 1754 *H
1038 1723 1172 1763 διτιτλοῦν]
1198 1725 1331 1755 Διωλοῦν
1346 1726 1401 1755 τῶν
1416 1723 1668 1765 εἴσπεπραγμένων

950 1768 1122 1808 χξημάτων.
1144 1768 1271 1798 WOLF.

994 1810 1134 1850 Εἶεν-φέρειν
1149 1810 1177 1840 δε
1194 1821 1259 1844 ’τους
1270 1808 1449 1852 ἂςχοντιις]’
1451 1809 1518 1840 Αντι
1536 1812 1597 1847 τοῦ,
1607 1810 1668 1840 εἶσ-

949 1853 1027 1890 άγειν
1042 1865 1087 1883 τον
1102 1851 1271 1892 ςουλόμενον.
1299 1853 1422 1884 WoLF.
1447 1852 1587 1894 Εἷσφερειν
1598 1864 1667 1907 per-

950 1895 1022 1925 inde
1041 1896 1142 1926 valere
1162 1897 1281 1934 judico,
1306 1906 1341 1926 ac
1373 1897 1398 1926 si
1433 1896 1568 1926 dixisset
1588 1897 1669 1926 εἷο-ά-

950 1949 1018 1976 γειν,
1031 1949 1130 1978 neque
1146 1949 1267 1969 causam
1282 1940 1410 1969 subesse
1420 1938 1563 1974 arbitror,
1573 1950 1668 1978 quare

954 1981 1068 2012 Wolfio
1084 1982 1304 2018 auscultemus,
1321 1982 1374 2021 qui
1396 1982 1428 2011 in
1453 1983 1584 2021 quodam
1600 1983 1667 2013 loco

951 2024 1026 2053 hanc
1044 2035 1150 2054 vocem
1173 2035 1231 2064 pro
1256 2025 1311 2054 illa
1327 2025 1498 2055 substituit.
1535 2026 1583 2056 Ad
1602 2026 1668 2056 elu-

950 2067 1115 2097 cidandum
1141 2068 1244 2103 ritum,
1268 2068 1307 2097 de
1336 2078 1397 2106 quo
1426 2067 1476 2097 hic
1506 2072 1667 2104 tractatur,

950 2110 1042 2140 video
1056 2112 1151 2140 verba
1166 2111 1219 2140 illa
1234 2111 1357 2150 Ulpiani
1373 2111 1412 2140 ad
1426 2110 1592 2141 Midianam
1608 2122 1667 2141 non

949 2153 1041 2192 longe
1062 2154 1100 2183 ab
1126 2153 1217 2183 initio
1242 2164 1311 2183 esse
1337 2154 1499 2192 perutilia:
1527 2156 1611 2184 Μετὰ.
1634 2154 1668 2184 τὸ

949 2195 1182 2236 ἀποκληξωὲἦναι
1207 2195 1241 2226 τὸ
1265 2196 1449 2237 δικαστήριον,
1471 2195 1585 2227 ἐδίδοντο
1608 2198 1668 2232 τοῖς

949 2238 1154 2279 θεσμοθέταις
1169 2239 1198 2268 αἱ
1214 2238 1332 2279 γραφαί.
1349 2239 1466 2270 καῖκεῖνοι
1481 2240 1588 2280 ἦρώτων
1611 2247 1668 2270 λοι-

950 2281 1010 2317 wir,
1025 2281 1119 2315 βούλει
1142 2283 1294 2321 κατηγορεῖ
1282 2294 1316 2318 .ν,
1335 2281 1349 2312 ἢ
1366 2282 1516 2322 μα’ςτυροις
1538 2294 1615 2324 εχεις
1630 2284 1668 2318 εἷς

949 2327 1004 2358 τὰς
1027 2324 1180 2363 ἀποδείξεις
1204 2324 1353 2364 ἑτοίμους;
1381 2325 1430 2355 καὶ
1456 2326 1477 2354 εἰ
1503 2326 1665 2365 συνέφησεν,

949 2366 1036 2401 οὕτως
1066 2368 1113 2397 ηδη
1144 2366 1245 2397 λονω-ὂν
1276 2368 1611 2409 εἶσίιγετο--ἆξχοντες
1638 2368 1667 2399 δὲ

948 2407 1019 2440 ἦσαν
1049 2410 1071 2440 Οἱ
1096 2421 1122 2439 ἓν
1151 2409 1265 2449 itt-⁶267&
1292 2410 1459 2453 δικαστηρίω
1479 2423 1536 2445 ’Τάς
1565 2410 1668 2452 κξίσξῑς

948 2452 1117 2490 εἰσάγοντες.
1158 2453 1206 2482 Ita
1231 2443 1310 2488 Rex,
1327 2454 1393 2484 sive
1411 2455 1598 2484 Archontum
1619 2465 1666 2484 se-

949 2497 1079 2531 cundus,
1095 2496 1190 2525 caedis
1206 2496 1342 2526 actiones
1367 2497 1486 2534 εἰσάγει,
1502 2499 1666 2532 committit,

950 2538 1029 2568 Poll.
1055 2540 1089 2569 L.
1107 2539 1197 2569 VIII.
1220 2539 1255 2569 C.
1282 2540 1345 2569 IX.
1373 2539 1399 2579 §.
1424 2543 1476 2572 90.
1510 2541 1666 2570 Polemar-

949 2581 1038 2617 chus,
1064 2581 1199 2612 actiones
1222 2583 1447 2618 haereditatum,
1471 2583 1557 2612 Idem
1581 2584 1622 2612 ib.
1638 2583 1665 2621 ᾗ.

950 2627 1000 2655 91.
1026 2625 1221 2661 Nautodicae,
1246 2627 1297 2659 τῆς
1326 2624 1424 2664 ξενίας,
1442 2626 1529 2655 Idem
1547 2625 1572 2664 §
1596 2628 1665 2656 1526.

949 2667 1030 2697 Vide
1061 2667 1150 2698 Suid.
1178 2679 1209 2697 v.
1233 2666 1384 2708 Ἠγεμονίιι
1416 2668 1604 2708 δικαστηρίου,
1635 2673 1666 2698 et

948 2721 1016 2748 quae
1031 2711 1170 2741 diximus
1182 2711 1217 2740 ad
1230 2712 1365 2750 Lysiam,
1377 2722 1448 2750 pag.
1459 2712 1534 2740 559.
1547 2712 1619 2740 Not.
1634 2714 1664 2742 9,

947 2755 1108 2785 TAYLOR.
1137 2755 1213 2785 Sub.
1237 2756 1286 2785 τὴν
1308 2752 1390 2789 δίκην,
1412 2755 1482 2783 (Iure
1510 2755 1666 2784 actionem.

949 2797 1087 2827 AUGER.

986 2837 1043 2869 '‘ssv
1060 2839 1177 2870 ἕκαστοι
1201 2836 1337 2868 δικασταί
1356 2837 1426 2877 εἶσι]
1450 2836 1517 2878 Πρὸς
1539 2840 1603 2872 τοὺς
1625 2838 1665 2869 31.-

950 2885 1065 2916 καστὰς
1079 2883 1205 2911 ἑκάστων
1221 2881 1423 2920 ἐγκλημάτων.
1450 2880 1502 2909 Sic
1520 2891 1576 2920 ego
1593 2894 1665 2912 cou-

948 2925 1034 2962 jicio.
1069 2925 1100 2956 Si
1118 2935 1195 2959 erro,
1212 2922 1310 2954 minus
1326 2923 1399 2954 mibi
1416 2925 1610 2956 succensebit.
1626 2926 1667 2962 is,
