1912 3187
220 125 330 174 514

313 259 368 279 και
390 245 636 289 Ἀπολλοδώρῳ
663 245 870 284 Φασηλίταις
893 244 1050 288 ἀργυρίου
1078 245 1265 301 τρισχιλίας
1289 242 1461 286 “δραχμιὶς
1485 240 1679 280 Ἀθήνηθεν
1706 242 1788 278 926

616 126 1293 172 ΔΗΜΟΣΘΕΝΟῪΣ

312 293 357 331 εἰς
376 292 548 333 Μένδην
536 307 554 333 η
575 293 738 332 Σκιώνην,
756 292 809 323 καὶ
825 292 980 323 ἐντεῦθεν
998 292 1042 329 εἰς
1066 291 1254 333 Βόσπορον.
1273 291 1332 322 ἐὰν
1353 289 1384 320 δὲ
1408 288 1602 330 βούλωνται
1618 290 1681 326 τῆς

780 380 787 398 ¹
806 378 945 418 δραχμὰς
959 376 1125 418 τρισχιλίας

223 474 300 504 hanc
318 473 419 503 usuris
435 471 594 502 maritimis
616 475 752 501 mutuam
775 469 936 510 pecuniam

226 517 381 551 dederint,
405 515 562 555 paululum
588 515 626 544 de
652 514 755 544 fenore
780 513 939 543 remittunt

230 558 314 599 [lino
331 568 404 588 vero
419 563 560 597 augetur,
574 556 725 596 siquidem
742 567 798 595 pro
818 557 939 585 M.‹lra-

230 602 326 631 chmis
343 602 434 631 CCC.
447 601 658 630 drachmarum
673 610 765 629 usura
780 599 941 628 constitui-

226 649 289 674 tur.
298 647 375 674 Nam
384 654 440 683 pro
447 642 780 684 ‘rpacxmiaclegendum
790 652 854 671 esse
861 639 941 683 χιλί-

227 686 942 726 a;·,sequentiadocentclarissime,mouueruut-

231 742 302 769 que,
317 732 372 760 hac
386 731 414 759 in
431 740 463 758 re
481 730 661 765 concordes,
677 728 844 759 Salmasius
857 728 942 757 Mod.

229 773 442 812 Usur.p.210.
452 777 482 802 et
491 772 647 802 Heraldus
657 772 818 802 Anirnadv.
831 772 941 810 p.155.

230 815 487 854 Wessnmxcffl
511 815 621 845 XXV.
645 825 753 854 nempe
784 812 944 843 drachmas

230 870 271 888 ex
305 859 369 888 illis
408 858 560 893 CXXV.¹
592 868 669 896 quas
700 859 744 887 M.
773 857 944 895 trajectitiae

230 902 381 931 drachmae
405 901 574 939 pariebant,
591 905 623 930 ut
649 901 706 929 hoc
734 900 846 929 lucello
866 899 944 928 invi-

231 944 288 974 tati
319 945 466 974 Artemon
499 944 782 983 Apollodorusque,
810 952 868 971 non
896 952 945 977 eo,

231 998 293 1026 quo
324 989 440 1017 incerta
471 990 520 1016 est
557 991 588 1015 et
614 985 785 1015 discrimini
819 985 947 1024 propior

230 1029 398 1067 navigatio,
413 1035 549 1068 tempore
565 1039 621 1058 mar
632 1028 659 1057 ia
673 1031 800 1062 tentent,
817 1027 870 1058 sed
886 1033 946 1066 post

233 1073 359 1103 Arcturi
384 1082 528 1107 occasum,
550 1069 621 1112 μετ’
637 1069 804 1111 Ἀξκτοῦρον,
827 1071 946 1109 quando

235 1126 344 1145 secure
371 1115 544 1153 navigatur,
576 1119 608 1144 ut
639 1114 683 1143 ita
712 1113 834 1153 possint
864 1113 948 1142 nullo

234 1169 303 1188 cnm
327 1169 395 1193 suo,
412 1158 495 1187 nullo
518 1168 586 1187 cum
605 1156 791 1187 creditorum
808 1156 947 1195 periculo

234 1202 370 1231 Athenas
387 1200 505 1230 redire:
531 1210 640 1230 secura
656 1200 772 1238 quippe
789 1204 860 1228 tunc
882 1209 948 1228 cre-

232 1245 316 1274 ditur
332 1243 497 1281 navigatio.
537 1244 638 1282 Atque
653 1254 691 1272 ex
709 1243 755 1271 his
767 1242 951 1281 exponenda

236 1297 359 1326 quoque
377 1292 448 1316 sunt
465 1287 533 1321 ista,
546 1297 613 1325 quae
630 1285 660 1314 in
678 1286 783 1315 eadem
802 1285 951 1316 habentur·

235 1330 410 1370 syngrapha
427 1340 455 1359 v.
467 1338 538 1367 pen.
552 1340 582 1367 p.
590 1327 719 1359 518.ἒᾶν
736 1327 762 1357 δὲ
775 1330 816 1367 μὴ
829 1328 950 1361 εἰσ-βάλ-

237 1380 309 1402 λωσι
322 1372 544 1412 -συγγραψήν,
590 1372 618 1399 V
621 1370 682 1400 arie
699 1371 845 1400 scribitur
861 1371 951 1408 hujus

237 1415 358 1456 periodi
371 1413 616 1464 particuluc‘a'vz-ou'=
605 1425 636 1442 αν
647 1415 689 1453 μὴ
703 1413 778 1442 σύλα
791 1409 865 1443 ῶτιν.
883 1414 951 1452 Ego

237 1469 313 1489 vero
329 1458 475 1488 existimo
498 1457 658 1496 legendum
676 1466 745 1485 esse
771 1456 858 1485 unica
876 1466 952 1485 voce

238 1504 396 1530 συλαέσινῑ
407 1501 576 1539 appulerint
585 1500 685 1535 eo‚ul›i
694 1499 881 1528 Athenienses
892 1509 951 1527 non

239 1546 359 1578 ἰἰυίειιῃ
375 1544 427 1572 sed
447 1544 548 1581 potius
572 1542 755 1572 sacrosancti
776 1541 950 1579 si11t‚qucd

241 1587 379 1626 explicat
396 1596 432 1615 ea
448 1597 496 1625 qu
489 1597 514 1615 e
527 1586 555 1614 in
568 1585 815 1624 praecedentibus
829 1584 952 1613 dixerat

242 1641 272 1660 v.
283 1631 337 1660 ult.
347 1640 379 1668 p.
392 1631 466 1660 515.
475 1627 650 1668 ἐὰν-ἶεςόν,
670 1628 733 1657 Hic
744 1625 877 1665 enimi&
892 1625 954 1667 ιερόν

239 1673 321 1702 idem
330 1676 376 1701 est
381 1670 494 1711 quod
479 1682 547 1700 οπου
554 1682 585 1700 αν
593 1672 635 1710 μὴ
645 1673 788 1700 cunam-w
790 1668 952 1704 Ἀθηναίους.

241 1717 294 1745 ubi
312 1715 516 1745 Athenienses
531 1725 589 1743 uon
604 1713 769 1748 violentur,
785 1713 838 1742 sed
853 1722 953 1742 sacro-

241 1759 338 1788 sancti
352 1758 422 1787 sint.
448 1756 547 1797 [Male
565 1756 697 1786 Petitus.
723 1756 809 1786 Σύλαι
824 1755 891 1785 sive
903 1754 952 1784 6·ιί-

242 1808 281 1831 λει
296 1800 364 1831 αἷσιν
379 1802 481 1830 omnia
496 1800 695 1838 exemplaria,
712 1809 768 1829 nec
784 1799 857 1828 satis
876 1799 954 1828 Atti-

241 1855 311 1874 cum
325 1847 469 1875 συλαῶσιν
482 1853 536 1882 pro
549 1845 681 1872 συλῶσιν.
726 1843 869 1871 Errorern
886 1840 954 1871 teti-

244 1888 290 1926 git
302 1888 469 1918 Salmasius
482 1887 568 1916 Mod.
578 1887 672 1916 Usur.
683 1895 714 1923 p.
726 1888 763 1915 521
772 1888 799 1914 l.
837 1885 956 1914 Cavent

242 1933 441 1966 feneratores,
469 1940 506 1959 ne
534 1929 577 1958 ibi
604 1938 724 1958 merces
750 1932 955 1967 exponantur,

242 1974 298 2004 ubi
315 1974 436 2003 civibus
452 1972 567 2002 Atticis
583 1975 667 2001 erant
680 1971 779 2005 σύλαι,
800 1971 866 2000 sive
885 1981 955 2000 con-

243 2028 331 2047 cessa
348 2017 472 2056 publice
490 2019 628 2054 potestas
644 2014 885 2045 reru1n·1lte1ius
901 2024 955 2052 po-

244 2061 311 2099 puli
329 2059 633 2098 cornpreheudarum‚
650 2063 714 2088 tum
731 2057 812 2096 quod
836 2057 865 2086 in
883 2057 957 2086 ami-

245 2103 290 2132 cis
312 2102 431 2132 censeri
453 2112 511 2131 non
534 2106 650 2140 posset,
670 2107 735 2130 tum
751 2100 833 2140 quod
852 2100 957 2138 justus

244 2150 327 2175 esset
342 2150 454 2180 metus,
468 2155 504 2174 ne
520 2144 629 2173 eodem
645 2144 718 2173 ille·
707 2153 777 2182 Jure
793 2143 822 2172 in
838 2153 959 2173 merces

245 2189 368 2219 Atticas
386 2192 535 2222 uteretur,
551 2187 673 2226 ipsique
694 2187 772 2216 adeo
792 2186 822 2215 in
838 2186 957 2225 pericu—

246 2233 307 2261 lum
327 2232 467 2261 venirent
480 2230 629 2269 pecuniae,
646 2239 735 2269 quam
751 2229 957 2265 crediderant,

247 2274 435 2304 amittendae.
452 2275 500 2303 Cf.
512 2273 694 2308 Heraldum,
704 2274 791 2311 cujus
804 2272 879 2301 mihi
888 2282 958 2301 sen-

246 2318 340 2347 tentia
351 2328 413 2356 prae
424 2317 613 2346 Salmasiana
623 2316 732 2356 placet,
745 2314 905 2345 Animadv.
921 2315 959 2345 ad

250 2361 308 2391 Jus
322 2361 359 2389 Α.
377 2365 407 2389 et
422 2361 462 2389 R.
479 2371 511 2399 p.
526 2361 598 2391 160.
613 2363 645 2388 et
657 2358 700 2389 H.
713 2358 816 2388 Vales.
834 2357 863 2386 in
879 2359 958 2387 Har-

247 2407 366 2443 pocrat.
379 2413 409 2441 p.
419 2405 471 2432 72.
482 2401 727 2441 W‘EssELmG]
746 2401 837 2431 Dixit
848 2411 878 2430 v.
888 2412 959 2440 pen.

247 2458 278 2486 p.
290 2448 362 2477 513.
373 2444 516 2485 μείναντες
530 2443 791 2482 -Ἕλληο-πέντςυ,
809 2443 834 2472 si
848 2443 959 2473 diebus

248 2490 356 2518 decem
368 2494 428 2527 post
439 2488 586 2517 Caniculae
597 2495 691 2518 ortum
702 2498 740 2516 ex
755 2487 960 2525 Hellesponto

248 2543 308 2561 non
326 2531 485 2561 solverint.
519 2532 566 2560 Ex
583 2530 797 2560 observatione
813 2530 960 2566 Metonis,

249 2574 339 2616 cujus
357 2574 644 2608 Enneadecaeteris,
661 2583 728 2602 curn
751 2574 814 2602 haec
835 2582 961 2611 syngra-

249 2620 311 2658 pha
328 2617 529 2651 scriberetur,
545 2616 670 2645 Athenis
689 2617 904 2654 usurpabatur,
922 2616 958 2645 ad

249 2661 331 2691 diem
355 2661 465 2690 X11um
484 2659 554 2688 Kal.
572 2659 704 2698 Augusti
723 2658 792 2688 κύων
815 2659 877 2691 ἑῶος
898 2657 962 2687 ἐπι-

250 2704 348 2733 τέλλει
363 2702 506 2733 Canicula
519 2702 627 2731 orz'tur.
652 2703 769 2731 Demus
784 2713 823 2731 ex
836 2701 959 2731 Helles-

250 2752 345 2786 ponto
376 2746 509 2775 solvisse
532 2744 754 2783 Apollodorum
786 2745 837 2773 die
866 2745 960 2773 xlm

250 2795 322 2829 post
343 2794 442 2819 ortum
464 2788 618 2818 Caniculae
639 2788 658 2816 i.
678 2799 703 2817 e.
728 2787 797 2816 Kal.
816 2786 959 2825 Augusti,

249 2837 409 2871 antequam
435 2832 568 2862 Athenas
587 2831 705 2865 redeat,
723 2840 790 2859 cum
814 2829 874 2858 alio
897 2830 958 2868 pri-

249 2885 329 2905 mum
347 2875 488 2913 appellat,
511 2880 544 2904 ut
568 2884 683 2904 merces
705 2883 775 2902 suas
799 2872 958 2908 distrahat,

248 2923 276 2952 ct
296 2917 414 2950 nonnisi
432 2917 526 2954 XX„
542 2921 704 2958 postquam
729 2916 861 2947 Athenas
877 2916 957 2945 redi

973 470 1042 505 erit,
1058 469 1167 500 diebus
1190 475 1302 500 sortem
1326 481 1393 500 cum
1419 469 1521 500 usuris
1544 470 1685 509 accipere

973 513 1104 543 debeant
1120 513 1292 543 Androcles
1308 518 1337 543 et
1352 515 1534 548 Naucrates,
1546 514 1685 552 profecto

974 556 1131 585 elabentur
1147 556 1214 585 dies
1237 557 1362 586 XLIV.
1382 557 1551 591 minimum,
1571 556 1622 594 qni
1640 556 1688 584 in-

975 599 1136 628 tercedunt
1160 609 1176 628 a
1198 599 1270 628 Kal.
1295 599 1427 638 Augusti
1452 600 1489 628 ad
1510 601 1591 628 18⁰¹·-
1616 598 1686 627 Kal.

976 642 1139 676 Octobres,
1155 651 1173 671 a
1188 652 1248 680 quo
1264 642 1313 670 die
1331 642 1449 671 incerta
1469 641 1621 679 navigatio
1639 645 1688 670 est

977 689 1008 713 et
1038 684 1209 714 discrimini
1235 685 1373 724 propior,
1408 684 1479 723 quia
1512 689 1582 722 post
1611 683 1687 713 Idus

977 727 1175 766 Septembres
1193 727 1288 757 oritur
1299 731 1446 757 Arcturus
1459 725 1688 756 vehementissi-

977 781 1058 800 mum
1076 770 1172 800 sidus.
1210 770 1293 809 Ergo
1308 780 1375 799 cum
1393 769 1541 799 Androcli
1558 774 1588 798 et
1603 770 1689 799 Nau-

978 813 1055 843 crati
1069 814 1189 842 reddita
1206 823 1263 842 non
1283 813 1322 842 sit
1335 813 1474 853 pecunia,
1491 812 1550 841 nisi
1562 823 1598 842 eo
1613 817 1690 842 tem·

979 867 1066 896 pore,
1083 866 1142 894 qno
1159 856 1333 895 periculose
1355 856 1450 885 maria
1464 860 1628 890 tentantur,
1644 859 1690 885 at-

979 910 1038 938 que
1053 900 1096 928 ita
1109 909 1168 928 non
1186 899 1305 938 possint
1321 899 1480 938 pecuniam
1499 909 1582 927 suam
1600 897 1691 927 mari-

980 941 1063 972 timis
1079 942 1180 971 usuris
1196 947 1329 971 mutuam
1352 942 1462 971 iterum
1480 942 1508 971 in
1525 940 1691 971 continenti

981 985 1053 1014 dare
1077 985 1142 1014 sine
1163 985 1277 1023 ingenti
1299 984 1450 1023 periculo,
1476 984 1582 1013 nolunt
1606 984 1693 1023 quic-

981 1037 1069 1066 quam
1085 1028 1124 1056 de
1142 1028 1246 1057 fenore
1266 1028 1387 1056 nautico
1404 1027 1572 1061 remittere,
1588 1036 1692 1065 quem-

981 1070 1144 1100 admodum
1160 1070 1367 1105 remittebant,
1382 1070 1407 1099 si
1431 1079 1469 1099 ex
1489 1069 1695 1108 Hellesponto

982 1117 1054 1152 post
1065 1113 1186 1142 Arcturi
1197 1123 1339 1142 occasum
1356 1112 1530 1148 solvissent,
1545 1112 1600 1141 sed
1614 1117 1695 1141 stant

983 1156 1034 1191 iis,
1051 1166 1118 1194 quae
1143 1156 1315 1195 syngrapha
1336 1160 1494 1191 caventur,
1515 1165 1624 1193 nempe
1639 1165 1696 1184 vo-

983 1197 1051 1228 lunt
1077 1198 1137 1228 sibi
1164 1199 1229 1228 dari
1260 1198 1289 1227 iu
1314 1199 1359 1228 M.
1380 1198 1539 1227 drachmas
1565 1197 1695 1238 diesque

984 1250 1091 1270 usuras
1105 1241 1283 1275 maritimas,
1300 1241 1368 1270 scil.
1381 1241 1541 1270 drachmas
1557 1240 1694 1270 CXXV.

985 1288 1075 1323 atque
1091 1285 1122 1314 id
1140 1284 1182 1314 ita
1195 1284 1368 1323 explicant:
1389 1285 1454 1318 τοὺς
1470 1282 1696 1320 τόκους-συγ·

984 1327 1099 1367 γξαφίιν.
1118 1328 1151 1357 Si
1163 1331 1233 1366 post
1243 1327 1362 1357 Arcturi
1375 1336 1517 1356 occasum
1529 1326 1695 1355 solvissent

985 1381 1024 1399 ex
1039 1370 1253 1409 HellespontO,
1263 1380 1330 1399 curn
1344 1369 1405 1399 alio
1417 1374 1507 1408 atque
1518 1369 1577 1397 alio
1589 1368 1697 1407 appel-

986 1412 1086 1442 lerent
1101 1417 1253 1442 mercatus
1270 1422 1373 1447 causa,
1385 1417 1543 1450 antequam
1558 1411 1695 1441 Athenas

985 1455 1132 1490 redirent,
1144 1460 1173 1485 et
1186 1461 1335 1494 praeterea
1347 1455 1464 1485 nonnisi
1477 1454 1558 1484 XX.
1567 1458 1638 1493 post
1646 1464 1696 1483 re-

985 1498 1081 1527 ditum
1102 1499 1212 1527 diebus
1230 1502 1389 1531 teneantur
1411 1507 1498 1527 sunm
1519 1506 1697 1537 expungere

987 1551 1094 1570 nomen
1109 1552 1136 1570 v.
1154 1544 1183 1571 2.
1203 1553 1230 1580 p.
1249 1543 1322 1571 517.
1339 1539 1697 1579 σωθέντωντ-Ἀθὴναζε,

987 1584 1158 1614 Androcles
1181 1588 1271 1622 atque
1293 1584 1465 1613 Naucrates
1483 1582 1536 1612 vix
1553 1588 1623 1612 ante
1647 1593 1701 1612 no-

987 1636 1060 1656 vum
1069 1626 1178 1657 initum
1187 1637 1296 1656 annum
1308 1631 1420 1656 sortem
1431 1635 1514 1655 suam
1524 1636 1591 1654 cnm
1601 1625 1705 1655 usuris

988 1669 1176 1708 acciperent,
1192 1680 1258 1699 nam
1282 1669 1387 1699 citima
1406 1669 1575 1698 Neonrenia
1598 1669 1702 1698 Heca-

988 1713 1168 1742 tornbaeonis
1181 1713 1262 1741 cadit
1275 1712 1306 1741 in
1319 1712 1400 1741 diem
1416 1717 1555 1751 quartum
1567 1712 1636 1741 Kal.
1647 1711 1702 1741 Ju-

988 1754 1705 1791 lias,remotissimaveroNeomeniaHecatom·

990 1798 1104 1827 baeonis
1126 1799 1156 1828 in
1173 1798 1474 1828 Enneadecaeteride
1490 1798 1627 1827 Metonis
1649 1797 1704 1826 ad.-

991 1841 1135 1871 scribitur
1151 1841 1212 1871 diei
1230 1845 1319 1870 sexto
1337 1840 1408 1870 Kal.
1422 1840 1572 1879 Augusti:
1591 1840 1703 1869 Posse-

991 1894 1058 1914 mus
1075 1884 1189 1914 certius
1206 1883 1419 1923 pronunciare,
1436 1883 1460 1912 si
1478 1883 1566 1912 nobis
1581 1887 1704 1913 consta-

990 1932 1036 1957 ret
1046 1928 1083 1956 de
1095 1938 1182 1963 auno,
1194 1937 1253 1965 quo
1267 1927 1381 1965 scripta
1394 1929 1440 1955 est
1454 1926 1636 1964 syngrapha,
1647 1926 1703 1956 sed

990 1975 1102 2005 tamen,
1118 1970 1161 1999 uti
1177 1970 1324 2005 diximus,
1337 1969 1362 1998 si
1379 1974 1448 2007 post
1464 1970 1625 1998 Arcturum
1643 1969 1704 1998 sol-

990 2018 1101 2043 verunt.
1116 2023 1153 2042 ex
1176 2013 1393 2052 HellespontO,
1416 2011 1535 2041 nonnisi
1555 2022 1632 2040 anno
1654 2022 1704 2041 se·

991 2058 1094 2095 quenti
1129 2056 1251 2085 ineunte
1288 2055 1426 2085 debitum
1463 2059 1704 2093 expunxerunt:

991 2099 1059 2128 vult
1073 2104 1175 2129 autem
1190 2098 1362 2129 Androcles
1379 2108 1449 2128 cum
1461 2097 1616 2127 Naucrate
1635 2108 1705 2127 usu-

992 2152 1041 2172 ras
1055 2142 1206 2181 accipere,
1221 2141 1348 2182 perinde
1359 2150 1394 2170 ac
1408 2140 1434 2169 si
1448 2149 1496 2175 ec,
1511 2150 1572 2179 quo
1588 2140 1705 2180 scripta

993 2190 1059 2214 erat
1082 2186 1267 2224 syngrapha,
1283 2194 1359 2214 auno
1382 2183 1604 2217 reddidissent,
1622 2183 1706 2222 quod

993 2227 1169 2262 accidisset,
1189 2228 1214 2257 si
1239 2232 1308 2257 ante
1330 2227 1455 2257 Arcturi
1478 2236 1620 2256 occasum
1646 2226 1707 2256 sol-

992 2271 1110 2300 vissent
1125 2281 1164 2300 ex
1178 2271 1396 2310 Hellesponto,
1414 2279 1521 2309 nempe
1537 2269 1592 2299 ἐπὶ
1608 2267 1710 2299 ἑκατὸν

993 2313 1164 2344 εἰκοσιπέντε
1179 2316 1234 2347 τὰς
1247 2312 1357 2354 χιλίοις.
1394 2312 1518 2351 Pignori
1540 2316 1638 2343 autem
1655 2322 1708 2342 ac-

993 2362 1141 2395 ceperunt
1155 2357 1186 2386 iu
1207 2357 1278 2386 navi
1293 2365 1423 2389 merceS,
1442 2354 1534 2387 videl.
1553 2359 1600 2386 ter
1621 2354 1706 2386 mille

994 2400 1087 2429 cados
1116 2400 1179 2429 vini
1206 2399 1338 2429 Mendaei
1361 2410 1377 2428 e
1399 2397 1546 2428 'lhraciaz
1572 2396 1619 2430 ἐπὶ
1641 2397 1708 2428 οἴνου

994 2453 1021 2472 κ.
1037 2453 1068 2471 τ.
1083 2449 1110 2472 λ.
1137 2441 1242 2482 Hujus
1255 2441 1390 2472 meminit
1403 2441 1584 2479 Stephanus.
1606 2439 1707 2476 Μένδνι,

993 2484 1075 2518 πόλις
1091 2484 1208 2524 Θρᾴκης,
1225 2484 1282 2515 ἀπο
1298 2485 1400 2517 Μένδης
1413 2483 1547 2522 γυναικός·
1565 2481 1706 2512 Ἀπολλό-

996 2528 1072 2567 &apog
1087 2528 1181 2558 Μένδιν
1196 2528 1282 2557 αὐτην
1300 2536 1382 2567 φης-ι.
1398 2526 1431 2555 τὸ
1446 2525 1560 2557 ἒὲινικόν,
1576 2527 1707 2559 Μενδαῖος

995 2584 1016 2601 ο
1009 2570 1068 2604 Ὗνος
1093 2572 1200 2601 Habes
1215 2571 1287 2600 item
1303 2571 1528 2609 Hippocratem
1546 2567 1571 2598 ἐν
1587 2568 1631 2597 τῶ
1643 2568 1707 2619 ‘fregi

994 2616 1048 2643 'ri-v
1069 2613 1142 2648 ἐντὸς
1165 2613 1293 2643 ωαὲῶνῑ
1323 2624 1371 2642 και
1398 2619 1459 2642 οἰνον
1480 2622 1547 2641 wiri
1552 2623 1591 2640 τω
1614 2610 1708 2641 λευκόν

993 2657 1123 2686 Μενδαῖον
1142 2655 1302 2697 μελίχρουν.
1325 2660 1355 2685 et
1376 2655 1467 2694 paulo
1491 2658 1575 2705 post.
1593 2659 1656 2683 oivov
1678 2653 1707 2684 δὲ

994 2699 1097 2730 πινέτω
1113 2700 1252 2734 Μενδαιον,
1268 2697 1369 2732 muner,
1382 2696 1525 2736 αὐστηρόν.
1549 2697 1706 2727 Parmos

995 2742 1068 2782 Leg.
1085 2744 1176 2772 Actic.
1194 2743 1231 2772 L.
1248 2743 1285 2771 V.
1301 2742 1335 2770 Τ.
1356 2741 1412 2769 IV.
1431 2739 1457 2778 ἑ.
1476 2740 1523 2769 11.
1537 2749 1568 2776 p.
1586 2741 1662 2769 5052.

1036 2785 1191 2815 Ἐδάνεισ-οιν
1206 2795 1233 2813 κ.
1244 2796 1273 2814 τ.
1288 2790 1316 2812 λ.
1321 2783 1334 2823 ]
1360 2782 1498 2812 Primum
1516 2792 1553 2812 ex
1564 2781 1620 2811 hac
1633 2792 1706 2820 syn-

993 2829 1107 2867 grapha
1123 2831 1262 2857 constare
1282 2826 1414 2855 arbitror
1432 2835 1531 2855 usurae
1546 2823 1706 2854 maritima:

991 2872 1115 2900 modum
1138 2870 1252 2900 nullum
1273 2869 1393 2907 legibus
1416 2868 1513 2899 fuisse
1534 2866 1709 2902 definitum

991 2920 1081 2953 atque
1102 2914 1173 2944 ideo
1202 2912 1290 2949 τόκον,
1311 2912 1377 2943 sive
1408 2910 1614 2952 ἐτυίπεμπτον,
1638 2910 1708 2942 sire
