1912 3187
261 149 331 206 72

262 266 394 321 δα
318 291 430 339 fama·

677 149 1312 197 ΔΗΜΟΣΘΕΝΟΤΣ

508 262 664 325 Ου’ὃεῖς
701 264 791 340 ’γάρ
835 264 932 318 ἔστι
978 263 1148 325 δίκαιος
1192 264 1435 357 τυῒχοῖνειν
1474 265 1590 321 ἔλεου
1629 293 1714 321 των

260 292 423 414 μηδενα
461 340 706 442 ελεο1υντων,
747 337 838 392 ουὸε
887 363 1156 412 συγγνωμης
1208 366 1294 393 των
1342 341 1714 413 οἷσυγγνωμὸνων.

262 416 386 484 ’E‘yw
419 413 726 492 7023102'0pcoe1
752 414 933 474 πάντας
955 414 1214 490 ἄνθρωπους
1239 415 1371 493 φέρειν
1408 416 1586 483 Ξοῖξιουν
1611 416 1718 492 παρ’

678 540 686 558 ¹
703 535 785 577 οιμαι
800 538 838 568 Τ.

262 636 437 666 structurae,
459 630 542 670 quod
572 639 609 660 eo
631 638 663 659 se
689 628 865 668 distinguit,
889 629 971 668 quod

263 675 369 715 duplex
399 672 439 709 δὲ,
470 673 599 703 alterum
625 672 656 702 in
687 672 812 712 protasi,
842 672 971 702 alterum

263 718 296 748 in
323 717 453 758 apodosi
490 720 627 757 apparet.
688 715 759 745 Hoc
784 715 850 744 fieri
878 726 971 754 posse

262 771 322 791 non
337 760 442 796 credo,
462 760 521 789 nisi
545 759 597 788 ubi
618 763 679 788 tota
699 758 855 797 propositio
869 769 974 797 praece-

261 804 398 834 (lentibus
422 804 466 833 ita
495 803 662 842 opponitur,
690 807 725 831 ut
750 806 879 840 utraque
894 811 972 839 pars,

258 848 382 887 protasis
419 852 446 876 et
483 846 621 885 apodosis,
655 844 770 875 seorsim
800 845 833 873 in
864 854 971 883 proece-

262 890 396 920 dentibus
418 889 520 919 habeat
535 889 574 918 ud
587 888 674 928 quod,
695 897 747 926 per
761 888 974 935 oppositionem,

261 932 422 974 reseratur.
452 931 586 961 Maxime
602 931 660 960 boc
675 930 719 966 fit,
735 929 786 959 ubi
803 929 974 969 composita

262 975 411 1016 praecedit
430 973 601 1015 propositio
617 974 686 1008 alia,
703 973 752 1003 vel
769 982 836 1011 quae
854 973 974 1009 saltem,

262 1019 363 1059 quoad
381 1028 515 1053 sensum,
526 1018 556 1047 in
572 1016 709 1057 protasia
725 1021 755 1046 et
767 1016 915 1055 apodosin
929 1016 974 1046 sa-

263 1063 324 1092 cile
337 1062 562 1100 distinguatur3
584 1065 618 1089 ut
634 1060 709 1089 adeo
725 1059 858 1098 protasis
874 1063 975 1099 prota-

263 1105 302 1141 si,
315 1104 461 1153 apodosis
473 1103 601 1143 apodosi
613 1107 792 1142 opponatur.
810 1103 888 1132 Cum
900 1112 974 1131 vero

262 1149 330 1178 haec
347 1147 493 1177 orationis
509 1147 606 1176 forma
619 1147 736 1195 passim
759 1150 910 1179 occurrat,
923 1155 975 1174 ne-

265 1202 326 1230 que
356 1195 454 1220 tamen
486 1189 546 1219 nisi
571 1189 670 1218 rarius
699 1188 814 1226 duplex
844 1187 922 1216 illud
946 1186 974 1216 δὲ

263 1237 451 1273 compareat,
468 1232 522 1262 sed
549 1242 608 1262 uno
628 1229 696 1270 μὲν,
712 1240 835 1270 unoque
862 1229 890 1259 δὲ
911 1229 976 1268 ple-

263 1286 392 1316 rumque
415 1286 465 1305 res
492 1275 692 1311 absolvatur;
724 1277 852 1314 apparet
876 1273 975 1312 legem

263 1320 361 1350 fuisse
377 1318 689 1358 scriptoribus‚quam
705 1317 806 1346 secuti
820 1316 975 1355 duplicem

262 1363 418 1393 interdum
433 1361 669 1400 oppositionem,
684 1359 865 1398 repetitione
881 1359 976 1398 parti-

264 1406 344 1435 culae
370 1404 585 1438 adversativae,
608 1402 847 1432 manifestiorem
866 1402 976 1431 redde-

264 1453 343 1479 rent.
387 1447 513 1476 Scilicet
526 1455 580 1475 esse
593 1446 672 1475 debet
689 1446 720 1474 in
734 1450 858 1493 utroque
871 1454 977 1483 propo-

265 1493 368 1522 sitione
383 1489 544 1524 antithesis,
556 1499 613 1517 non
630 1487 830 1527 grammatica
841 1487 905 1523 illa,
919 1496 978 1535 per

267 1533 321 1574 μὲν
333 1538 364 1563 et
378 1532 420 1567 δὲ,
436 1531 603 1571 oppositio,
613 1531 678 1566 sed,
694 1541 761 1568 quae
777 1530 869 1568 vulgo
885 1529 978 1559 etiam

267 1578 324 1607 illo
347 1575 467 1606 nomine
484 1575 579 1609 venit,
598 1574 747 1604 rhetorica
763 1573 828 1602 sive
854 1571 978 1602 moralis

265 1619 430 1654 antithesis,
456 1622 544 1647 extra
564 1615 721 1656 emphasin
748 1626 806 1654 per
830 1614 918 1654 ὅμως,
934 1621 979 1645 ta·

267 1673 346 1699 men,
357 1661 566 1702 exprimenda.
596 1661 651 1695 Ut,
669 1659 812 1689 sidicas:
832 1658 979 1692 Quaecun-

266 1717 323 1747 que
337 1711 407 1735 sunt
423 1705 508 1740 levia,
523 1704 646 1733 libenter
663 1707 776 1744 gestas5
802 1710 980 1741 quoecunqzce

267 1755 368 1779 autem
393 1747 551 1787 ponderosa
577 1751 658 1782 sunt,
673 1757 706 1776 eu
732 1755 769 1774 ne
794 1750 888 1774 tentas
914 1745 979 1785 qui-

268 1793 352 1830 dem5
374 1792 468 1832 probe
494 1790 620 1830 quidem
641 1793 836 1828 opponuntur
859 1788 935 1818 levia
950 1792 981 1817 et

266 1836 441 1875 ponderosa,
455 1839 571 1875 gestave
598 1837 630 1862 et
651 1842 687 1862 ne
714 1837 829 1861 tentare
853 1830 980 1871 quidem,

271 1879 325 1908 sed
336 1878 420 1908 nulla
431 1875 777 1909 interceditantithesis,
788 1879 819 1904 et
828 1884 888 1903 uuo
904 1874 981 1903 adeo

270 1921 337 1962 μὲν,
352 1931 472 1960 unoque
500 1919 527 1950 δὲ
552 1919 660 1949 Graece
684 1928 733 1948 res
760 1917 981 1947 absolveretur.

271 1965 335 1994 Sed
350 1968 491 2003 permuta
506 1967 646 2002 protases
665 1961 735 1991 illas
760 1965 791 1990 et
812 1960 857 1990 sic
879 1970 979 1998 pone.

275 2007 464 2047 Quaecunque
487 2012 557 2036 sunt
583 2006 753 2044 ponderosa,
785 2004 907 2034 libenter
933 2013 983 2043 ge-

271 2056 346 2086 stas‚·
371 2058 551 2090 quercumque
565 2054 662 2078 autem
685 2053 754 2077 sunt
770 2047 856 2082 levia,
871 2055 907 2075 ue
923 2052 983 2076 ten-

269 2098 316 2123 tas
331 2093 466 2132 quidem5
482 2109 525 2114 —
538 2091 700 2121 antithesin
717 2090 827 2125 habes3
852 2094 893 2124 et,
906 2099 984 2127 proe-

272 2136 454 2166 cedentibus
469 2135 589 2164 duobus
611 2132 677 2174 μὲν,
692 2133 847 2172 posterius
868 2132 910 2160 ita
931 2142 984 2161 ex-

271 2179 486 2219 primendum:
519 2176 538 2205 ἃ
560 2175 588 2206 δέ
615 2175 680 2206 ἐστι
703 2177 804 2215 κουφα,
831 2173 936 2203 ’τούτων
957 2174 985 2204 δὲ

271 2221 330 2252 οὐδὲ
346 2220 438 2261 πειρᾷ.
470 2221 515 2250 Ut
529 2223 630 2249 autem
642 2218 734 2259 hujus
749 2218 793 2247 rei
810 2216 985 2266 exemplum

271 2265 384 2295 babeas
401 2267 490 2292 extra
511 2273 630 2292 omnem
654 2260 861 2300 corruptionis
885 2260 984 2300 suspi-

272 2307 391 2337 cionem
420 2305 566 2344 positum,
581 2305 682 2334 locum
706 2305 828 2334 afferam
845 2303 984 2332 Platonis

272 2351 302 2380 in
320 2360 379 2389 quo
395 2359 455 2378 non
471 2348 568 2377 solum
583 2348 701 2386 duplex
717 2347 793 2376 illud
816 2344 843 2375 δὲ
860 2346 915 2375 sed
929 2346 986 2376 du-

271 2394 338 2433 pIer
366 2401 475 2432 quoque
505 2389 571 2430 μὲν
600 2391 630 2419 in
657 2390 752 2430 priori
774 2388 985 2428 propositione

273 2439 441 2474 comparet.
481 2434 539 2463 Est
565 2433 641 2462 illud
672 2434 701 2462 iu
728 2431 870 2462 Menouis
887 2442 914 2461 c.
931 2434 984 2462 34.

273 2479 391 2519 (Biest.
407 2488 438 2516 p
453 2476 523 2515 53.)
539 2474 616 2509 οἶτος
638 2487 685 2505 oux.
711 2475 742 2504 ἅν
764 2485 846 2510 ποτε,
870 2471 899 2503 οὗ
922 2473 987 2514 μὲν

273 2521 326 2552 ἔδει
342 2521 541 2559 δαπανώμενον
562 2519 712 2553 διδάσκειν,
723 2519 822 2547 ταῦτα
843 2517 911 2556 μὲν
933 2516 986 2547 ἐδί-

274 2564 340 2603 δαξε
356 2575 420 2597 τους
439 2562 553 2595 ωαιδας
567 2573 630 2595 τους
646 2562 742 2591 αὑτοῦ·
757 2557 786 2589 οὐ
802 2559 834 2590 δὲ
849 2559 920 2590 οὐδὲν
935 2560 986 2590 ἔδει

272 2608 462 2637 ἀναλώσαντα
485 2604 609 2643 ἀγαθους
632 2604 728 2644 ἄνδρας
747 2614 874 2639 ποιησαι,
889 2615 986 2633 ταυτα

275 2649 310 2681 δὲ
325 2650 373 2680 οὐκ
392 2646 519 2688 ἐδίδαξεν.
578 2647 816 2700 Oppositionem
840 2647 919 2676 inter
936 2646 985 2675 δα-

274 2693 440 2731 πανώμενον
467 2696 499 2721 et
528 2689 599 2720 οὐδὲν
623 2690 821 2724 ἀναλώσαντα,
846 2689 985 2728 interque

274 2735 392 2775 ἐδίδαξεν
415 2739 446 2765 et
466 2734 513 2764 οὐκ
535 2731 653 2772 ἐδίδαξεν
675 2732 781 2770 vides;
804 2742 869 2761 eam
886 2736 985 2761 tamen

275 2790 368 2809 unum
383 2776 438 2818 μὲν
460 2777 490 2806 in
511 2776 609 2825 priori
631 2781 662 2805 et
685 2785 776 2804 unum
792 2774 843 2804 δὲ
837 2785 864 2804 ιη
881 2780 985 2813 poste-

275 2822 350 2852 riori
367 2820 483 2859 protasi
499 2819 557 2849 rite
568 2818 753 2853 absolveret,
767 2817 826 2847 nisi
839 2818 948 2847 simul
941 2828 986 2847 in-

278 2865 451 2895 tercederet
464 2861 702 2901 antithesis,quae
716 2861 875 2900 geminatis
891 2861 986 2912 parti-

276 2907 355 2937 culis
372 2906 467 2945 magis
480 2904 638 2935 elucescit.
665 2904 851 2934 Particulam
863 2903 918 2943 μὲν
934 2914 985 2934 ne-

274 2950 408 2981 cessario
423 2949 593 2980 iterandam
608 2947 721 2987 ubique
738 2958 816 2984 esse,
833 2947 986 2987 exemplis

1099 539 1112 558 2
1127 538 1246 580 [ἀξιοῦν]
1264 539 1305 569 R.

1006 629 1185 665 destitutus,
1201 640 1298 669 neque
1313 641 1434 670 negem,
1446 641 1545 672 neque
1561 632 1718 663 affirmem.

1006 673 1064 702 Est
1084 678 1195 708 tamen,
1210 674 1262 703 ubi
1278 674 1326 703 bis
1348 675 1421 713 poni
1442 686 1499 704 non
1522 676 1633 714 possit,
1649 675 1720 714 quia

1006 715 1090 754 prior
1106 716 1278 754 propositio
1302 717 1330 746 in
1355 718 1491 756 protasin
1515 722 1546 747 et
1569 719 1719 758 apodosin

1006 757 1123 788 diserte
1139 769 1197 788 non
1215 763 1262 789 est
1277 759 1447 797 destincta3
1469 765 1499 790 et
1515 771 1554 790 ex
1578 761 1636 790 hoc
1653 761 1720 800 qui-

1007 802 1076 830 dem
1092 811 1217 831 numero
1227 807 1274 832 est
1288 804 1504 833 Demosthenis
1519 804 1617 839 locus,
1632 805 1721 843 cnjus

1007 844 1169 874 occasione
1193 850 1288 875 totam
1307 846 1384 875 hanc
1411 847 1651 885 disputationem
1675 847 1721 875 in-

1009 887 1103 917 stitui.
1121 886 1167 921 τίς
1181 887 1295 928 ὑβρίζων
1323 888 1479 924 παύσεται,
1498 889 1519 918 εἶ
1535 900 1634 919 τουτον
1653 887 1721 928 μὲν

1007 930 1171 981 (Midiam)
1187 931 1290 972 ‹ibo-weg
1310 931 1380 962 δεινὰ,
1395 932 1560 972 «πάσχοντα
1576 931 1718 962 ἐλεήσετε·

1008 973 1031 1002 εἶ
1062 971 1095 1003 δέ
1129 985 1174 1008 τις
1199 973 1280 1007 πένης
1306 973 1350 1009 ὢν,
1372 974 1459 1013 μηδὲν
1483 976 1626 1011 ἠδικηκὼς,
1655 975 1722 1009 ταῖς

1007 1015 1154 1057 Εσχάταις
1182 1018 1345 1056 συμφοραῖς
1368 1028 1418 1047 '7755
1407 1028 1597 1057 ςίωξωτωκξ,
1627 1029 1721 1056 Τουτφ

1009 1058 1041 1088 δὲ
1071 1059 1101 1089 οὐ
1125 1059 1398 1100 συνοξγισθὴσεσθε.
1437 1061 1500 1090 Ηίο
1529 1061 1615 1100 prius
1643 1051 1720 1090 illud

1007 1101 1042 1135 εἴ,
1054 1106 1114 1131 uta
1129 1103 1275 1133 παύσεται
1292 1103 1441 1141 pendens,
1454 1114 1613 1134 removeas
1630 1103 1722 1133 velim

1008 1150 1040 1174 et
1054 1144 1154 1174 locum
1177 1146 1279 1184 ipsum
1296 1156 1312 1174 a
1327 1157 1424 1175 τουτον
1440 1146 1580 1176 ordiaris.
1627 1147 1722 1176 Vides

1011 1188 1121 1216 verba:
1148 1187 1170 1216 εἳ
1187 1187 1214 1217 δέ
1231 1199 1275 1222 τις
1291 1186 1372 1222 πένης
1383 1207 1426 1211 -—-
1441 1189 1654 1229 πεςιπὲπτωκεν
1668 1199 1723 1228 op·

1007 1230 1081 1268 poni
1097 1231 1283 1268 praecedenti
1303 1232 1411 1267 τοῦτον,
1427 1232 1457 1260 ἰῑι
1479 1243 1538 1270 qua
1553 1242 1629 1262 voce
1656 1232 1722 1261 haec

1009 1273 1086 1302 latet
1110 1273 1244 1311 protasis
1277 1273 1389 1312 prioris
1418 1274 1641 1313 propositionis
1655 1286 1662 1304 :
1699 1275 1722 1304 εἰ

1009 1315 1064 1355 μὲν
1077 1314 1190 1352 Μειδίας
1213 1317 1224 1345 ὁ
1241 1315 1375 1351 πλούσιος
1395 1317 1443 1346 καὶ
1459 1316 1587 1358 βδελυρὸς
1601 1318 1723 1358 πάσχει

1009 1370 1040 1388 τι
1055 1376 1108 1388 -.
1147 1359 1252 1389 Verba
1277 1364 1378 1388 autem
1407 1360 1435 1389 οὗ
1462 1360 1726 1399 συνοςγισθῆσεσὲε

1010 1406 1207 1440 opponuntur
1230 1401 1272 1440 τῷ
1294 1400 1434 1431 ἐλεήσετε.
1480 1403 1652 1433 Antithesis
1676 1408 1725 1433 est

1010 1445 1188 1474 manifesta:
1217 1444 1468 1474 contumeliosum
1485 1449 1515 1475 et
1530 1445 1658 1476 divitem
1669 1448 1724 1476 mi-

1012 1486 1168 1522 seramini,
1179 1487 1343 1518 innocuum
1356 1497 1582 1528 pauperemque
1595 1499 1655 1518 non
1666 1489 1724 1519 mi-

1012 1539 1165 1559 seranum.

1057 1573 1098 1602 Et
1110 1572 1141 1601 in
1157 1573 1216 1602 hoc
1232 1583 1351 1612 quoque
1375 1583 1484 1613 genere
1505 1574 1605 1604 locum
1622 1575 1726 1614 profe-

1012 1625 1088 1650 ram,
1103 1615 1156 1645 ubi
1171 1616 1287 1655 duplex
1304 1627 1364 1646 non
1380 1621 1427 1646 est
1444 1617 1616 1656 oppositio,
1633 1622 1665 1647 et
1680 1623 1726 1648 ta-

1014 1669 1094 1694 men,
1112 1663 1217 1698 spreta
1239 1669 1328 1698 quam
1350 1659 1426 1688 mihi
1447 1659 1604 1690 invenisse
1617 1661 1728 1691 videor

1013 1712 1128 1738 norma,
1145 1701 1191 1731 bis
1205 1703 1330 1740 ponitur
1342 1701 1380 1731 δέ.
1406 1703 1464 1732 Est
1477 1702 1504 1732 is
1519 1703 1549 1733 in
1569 1704 1729 1735 Demostb.

1014 1745 1104 1784 Lept.
1120 1744 1161 1785 (ᾗ.
1179 1744 1226 1785 ιζ’.
1244 1744 1308 1783 fin.)
1334 1755 1369 1774 eo
1390 1745 1460 1784 ipso
1484 1746 1565 1781 loco,
1586 1748 1624 1776 ad
1636 1757 1726 1786 quem

1015 1788 1242 1819 F.A.wolfium
1257 1789 1352 1818 verba
1360 1789 1499 1827 quaedam
1513 1789 1552 1819 de
1568 1790 1624 1819 hac
1634 1799 1668 1819 re
1685 1791 1728 1820 fe—

1014 1830 1096 1860 cisse
1109 1841 1203 1869 supra
1214 1832 1327 1862 monui.
1344 1833 1395 1867 Et,
1407 1832 1486 1870 quod
1497 1842 1639 1871 magnum
1653 1843 1729 1863 meae

1015 1873 1152 1913 opinioni
1166 1875 1343 1913 praesidium
1366 1875 1497 1911 accedit,
1513 1876 1570 1905 Vir
1585 1875 1653 1915 ipse
1675 1877 1729 1906 do-

1015 1917 1185 1953 ctissimus,
1202 1917 1261 1947 etsi
1285 1918 1400 1947 diserte
1415 1922 1547 1948 mentem
1569 1929 1654 1948 suam
1669 1929 1730 1949 non

1016 1960 1163 1999 explicet,
1180 1961 1247 1996 sed,
1270 1959 1298 1989 δὲ
1321 1960 1352 1990 in
1377 1961 1507 1998 apodosi
1530 1971 1589 1991 non
1615 1962 1729 2000 ubique

1017 2004 1194 2039 delendum,
1221 2003 1312 2033 modo
1339 2003 1528 2042 pronuntiet,
1555 2003 1604 2033 hic
1629 2009 1730 2034 tamen

1017 2046 1095 2076 illud
1119 2057 1178 2086 ope
1202 2046 1330 2076 duorum
1343 2046 1443 2075 Codd.
1457 2046 1487 2075 in
1507 2047 1536 2077 δὴ
1553 2052 1670 2086 mutat3
1698 2054 1731 2078 ut

1018 2089 1236 2128 ignoscendum
1254 2089 1304 2124 sit,
1316 2088 1342 2118 si
1353 2090 1576 2128 jucundissima
1589 2090 1658 2120 binc
1675 2091 1731 2120 mi-

1018 2132 1049 2161 hi
1066 2134 1182 2162 oriatur
1198 2131 1347 2172 suspicio,
1359 2142 1407 2161 me
1430 2132 1461 2161 in
1484 2132 1565 2161 idem
1582 2133 1646 2162 sere
1662 2144 1731 2163 cum

1018 2174 1072 2204 illo
1089 2175 1247 2210 incidisse,
1263 2175 1370 2204 saltem
1386 2185 1482 2214 prope
1498 2177 1535 2204 ab
1545 2176 1613 2214 ejus
1629 2182 1732 2206 mente

1019 2218 1138 2247 abesse.
1183 2219 1298 2248 Locum
1328 2218 1500 2248 describam
1514 2229 1519 2247 :
1542 2219 1595 2247 Καὶ
1617 2220 1671 2259 γὲις
1701 2219 1733 2249 ἂν

1018 2260 1117 2299 ἄλογον
1140 2261 1190 2295 εἴη,
1213 2259 1283 2300 μίαν
1304 2260 1359 2300 μὲν
1381 2260 1469 2290 Ιπόλιν
1490 2261 1512 2290 εἰ
1536 2262 1694 2298 ἀπώλεσεν,
1717 2261 1732 2293 ἢ

1018 2304 1081 2337 ναῦς
1097 2302 1164 2333 δέκα
1180 2303 1269 2342 μόνας
1280 2321 1333 2339 -—,
1349 2301 1394 2332 τόν
1409 2303 1528 2334 ἅπαντα
1543 2303 1575 2333 ἂν
1589 2305 1732 2334 ἀπολώλει

1018 2346 1120 2386 χρόνον·
1136 2344 1228 2376 ἐπειδὴ
1244 2346 1276 2375 δὲ
1301 2344 1450 2377 τούναντίον
1466 2345 1663 2376 ἑπτακαίδεκα
1677 2347 1732 2386 μὲν

1019 2389 1115 2422 πόλεις
1135 2386 1214 2424 εἷλεν,
1238 2388 1428 2428 ἑβδομήκοντα
1452 2388 1480 2418 δὲ
1502 2391 1565 2424 ναῦς
1586 2389 1673 2421 ἔλαβε
1688 2407 1732 2413 -

1019 2433 1175 2461 τηνικαῦτα
1197 2431 1224 2461 δὲ
1249 2432 1296 2461 οὐκ
1312 2431 1397 2462 ἔσται
1419 2431 1499 2471 ’etiem
1521 2432 1602 2471 αὗτᾴῐ
1625 2434 1665 2461 τὰ
1689 2434 1732 2462 δο·

1019 2473 1109 2504 θέντα
1125 2474 1171 2505 ἐπὶ
1187 2474 1306 2509 τούτοις.
1347 2475 1410 2505 Hic
1424 2476 1521 2513 probe
1537 2475 1660 2513 quidem
1677 2486 1732 2515 op-

1020 2523 1172 2557 ponuntur
1192 2528 1258 2547 una
1279 2518 1349 2548 urbs
1370 2519 1474 2547 amissa
1495 2522 1526 2547 et
1546 2519 1734 2556 septendecim

1019 2561 1103 2590 ‘urbes
1130 2567 1221 2599 captae
1246 2560 1322 2598 &c.;
1360 2561 1512 2598 apodoses
1541 2565 1641 2590 autem
1673 2571 1733 2592 non

1020 2603 1108 2633 item:
1127 2608 1253 2643 utraque
1269 2604 1350 2634 enim
1365 2603 1405 2632 de
1426 2602 1513 2632 malis
1528 2607 1559 2632 et
1571 2603 1673 2642 poenis
1687 2605 1731 2634 lo-

1021 2647 1135 2686 quitur.
1151 2646 1274 2683 Quodsi
1284 2647 1412 2676 alterum
1424 2646 1643 2684 imperatorum
1655 2647 1732 2677 mul-

1020 2695 1126 2726 tatum,
1149 2690 1277 2719 alterum
1301 2689 1427 2729 praemio
1447 2693 1595 2723 ornatum,
1611 2694 1642 2718 et
1667 2690 1735 2728 qui-

1021 2733 1102 2768 dem,
1118 2743 1176 2771 per
1194 2731 1370 2767 antithesin,
1383 2731 1459 2760 illud
1476 2731 1506 2761 in
1521 2731 1612 2762 felice
1629 2732 1687 2761 hoc
1701 2733 1733 2762 in

1018 2775 1140 2804 infelice
1156 2776 1320 2813 contrajus
1335 2775 1440 2813 sasque
1453 2774 1648 2804 commissum
1665 2786 1733 2806 esse

1020 2818 1261 2848 demonstrasset
1276 2823 1396 2855 orator3
1415 2821 1479 2846 tum
1494 2822 1567 2856 post
1578 2819 1735 2848 τηνικαῦτα

1019 2866 1104 2890 recte
1119 2860 1276 2899 posuisset
1291 2859 1330 2890 δέ.
1362 2861 1580 2890 Buri-maxx.

1059 2902 1133 2941 Ἐγὼ
1145 2905 1198 2944 γὰρ
1212 2901 1310 2944 οἶμαι]
1327 2903 1430 2932 Verba
1446 2902 1491 2932 sic
1507 2903 1614 2933 ordino
1628 2914 1634 2932 :
1662 2902 1734 2942 Ἐγὼ

1019 2945 1101 2986 οῖμαι
1121 2946 1232 2980 πάντας
1252 2945 1421 2986 ἀνθςώτσους
1439 2944 1530 2985 ἀξιοῦν
1543 2944 1630 2987 φέρειν
1644 2946 1734 2988 (ὅπως
