1912 3187
339 123 547 166 ΠΡΟΣ
603 111 1049 167 AAKPI'TOT
1105 125 1441 167 ΠΑΡΑΓΡ.

1531 119 1636 176 517

277 238 371 270 οὐδὲν
395 238 565 281 ἀργύριον,
583 236 648 269 οὐδ’
666 237 945 270 ἐπιδανείσονται·
972 239 1027 269 καὶ
1045 237 1213 273 ἀπάξουσι
1229 239 1271 270 τὰ
1288 239 1446 282 χρήματα
1473 239 1516 270 τὰ
1535 239 1568 271 ἐκ
1585 241 1643 271 τοῦ

280 285 414 316 Πόντου
440 283 733 326 ἀντιφορτισθέντα
753 283 859 315 πάλιν
872 284 1038 324 Ἀθήναζε
1056 285 1092 317 ἐν
1107 287 1156 326 τῷ
1171 285 1265 326 αὐτῷ
1289 286 1396 326 πλοίῳ
1415 287 1563 317 ἅπαντα.
1583 298 1645 317 σω-

277 330 408 362 θέντων
424 330 455 362 δὲ
469 333 537 362 τῶν
553 329 735 372 χρημάτων
750 330 930 369 Ἀθήναζε,
953 330 1187 363 ἀποδώσουσιν
1203 332 1233 362 οὶ
1257 330 1486 387 δανεισάμενοι
1503 334 1572 369 τοῖς
1588 331 1645 363 δα-

281 378 410 408 νείσασι
427 378 464 408 τὸ
482 377 681 418 γιγνόμενον
698 376 857 419 ἀργύριον
873 378 958 409 κατὰ
978 379 1042 416 τὴν
1059 379 1269 420 σνγγφαφὴν,
1287 377 1418 420 ἡμερῶν
1440 378 1571 416 εἴκοσιν,
1591 377 1644 418 ἀφ’

278 419 318 462 ἧς
333 424 377 454 ἂν
394 423 536 454 ἔλθωσιν
550 422 727 461 Ἀθήναζε,
745 424 886 461 ἐντελὲς,
904 424 999 461 πλὴν
1017 424 1160 464 ἔκβολης
1182 425 1228 479 ²7Jv
1253 425 1298 455 ἂν
1323 424 1351 454 oi
1375 424 1522 465 σιμπλοι
1547 424 1645 464 ψηφι-

279 469 416 511 σάμενοι
443 470 537 510 κοινῇ
563 469 782 525 ἐκβάλωνται,
805 470 858 500 καὶ
875 471 920 501 ἄν
937 482 967 500 τι
986 470 1156 512 πολεμιοις
1172 470 1369 507 ἁποτίσωσι,
1389 473 1457 501 τῶν
1479 481 1494 500 ο
1530 470 1644 500 ἀλλωι

277 515 440 546 ἁπάντων
467 515 608 552 ἐντελές·
629 516 681 546 καὶ
704 516 880 558 παρέξουσι
897 518 966 553 τοῖς
984 515 1152 547 ὃανεισασι
1177 518 1242 554 τήν
1268 516 1446 555 ὑποθήκην
1470 514 1645 556 ἀνέπαφον

278 563 422 602 κρατεῖν,
439 560 497 598 ἕως
514 562 558 592 ἂν
572 561 720 593 ἀποδῶσι
739 563 775 593 τὸ
793 562 995 605 γιγνόμενον
1011 561 1171 604 ἀργυριον
1186 563 1272 593 κατὰ
1287 564 1351 601 τήν
1363 561 1571 604 συγγραφήν.
1585 561 1644 592 ἐὰν

278 606 372 649 δὲμὴ
394 607 565 638 ἀποδῶσιν
588 608 625 639 ἐν
645 610 694 649 τῷ
711 609 911 650 συγκειμένη
929 608 1053 651 χρόνῳ,
1076 609 1118 639 τὰ
1142 608 1343 650 ὑποκείμενα
1366 611 1436 646 τοῖς
1455 607 1645 640 δανείσασιν

276 653 393 689 ἐξέστω
409 654 596 692 ὑποθεῖναι,
613 655 666 685 καὶ
683 654 875 685 ἀποδόσθαι
892 657 954 693 τῆς
971 654 1191 696 ὑπαοχοὺσης
1212 657 1320 696 τιμῆς·
1340 655 1393 685 καὶ
1410 654 1470 685 ἐάν
1486 667 1517 686 τι
1543 655 1646 686 ἐλλεί-

276 711 325 742 πῃ
353 702 412 731 τοῦ
438 700 607 742 ἀργυρίου,
634 702 652 731 ὃ
680 699 726 732 δεῖ
757 700 910 742 γενέσθαι
935 703 1005 737 τοῖς
1034 700 1204 732 δανείσασι
1230 701 1315 731 κατὰ
1344 702 1408 739 τὴν
1435 702 1645 742 συγγραφὴν,

276 747 360 778 κατὰ
376 745 582 788 Ἀρτέμωνος
600 747 653 777 καὶ
669 745 930 789 Ἀπολλοδώρου
948 747 1030 778 ἔστω
1054 746 1075 784 ἡ
1100 748 1220 789 πρᾶξις
1244 749 1314 784 τοῖς
1330 745 1512 785 δανείσασι,
1537 748 1589 778 καὶ
1612 747 1646 778 ἐκ

224 843 289 875 Οὐδ’
312 844 546 885 ἐπιδανείσονται]
572 847 661 875 Hanc
684 855 806 884 quoque
823 856 894 876 con-

185 888 358 918 ventionem
385 899 443 917 non
467 888 562 917 fuisse
580 890 770 918 observatam
788 899 896 928 quere-

183 931 272 960 batur
292 931 405 960 ibidem
428 931 664 961 Demosthenes.
702 931 771 960 Etsi
796 936 895 961 autem

183 973 234 1011 qui
252 974 333 1011 prior
357 979 422 1003 erat
442 979 588 1012 tempore,
609 974 712 1013 potior
735 978 798 1003 erat
816 976 895 1012 jure,

183 1016 300 1055 passim
315 1021 416 1046 tamen
438 1017 670 1054 stipulabantur,
692 1027 773 1052 eum,
796 1017 844 1046 cui
866 1018 895 1046 in

183 1059 420 1098 negotiationem
437 1059 615 1090 maritimam
633 1059 761 1098 pecunia
777 1059 895 1089 credita

184 1107 260 1136 erat,
289 1103 326 1131 ab
349 1102 416 1131 aliis
437 1103 597 1140 pecuniam
619 1113 677 1132 non
699 1107 894 1140 accepturum

185 1145 242 1173 sub
257 1145 367 1174 iisdem
390 1145 584 1183 pignoribus,
600 1145 758 1174 uelitibus
775 1145 896 1174 intrica-

183 1191 296 1222 rentur,
320 1192 349 1216 et
370 1188 613 1217 contentionibus
630 1188 895 1226 distringerentur.

182 1230 220 1259 ld
244 1229 338 1269 igitur
364 1229 507 1259 dicebant
529 1230 576 1259 οὐκ
600 1228 833 1260 ἐπιδανείσεσθαι.
861 1241 894 1259 π.

183 1277 270 1311 Φοξμ.
284 1274 394 1311 p.908.
412 1283 439 1302 v.
452 1275 503 1303 25.
516 1274 564 1301 ed.
582 1274 617 1302 R.
632 1271 708 1306 εὐθὺς
723 1275 777 1311 γὰρ
790 1271 814 1302 ἐν
830 1279 894 1301 Πει-

183 1317 254 1354 ραιεῖ
267 1313 469 1353 ἐπιδανείζεται
488 1314 580 1354 λοίΘξα.
596 1317 681 1354 ὴμῶν.
708 1317 811 1345 IDEM.

223 1357 276 1386 Καὶ
296 1358 438 1396 ἀπάξουσι
454 1369 480 1386 κ.
497 1370 527 1387 τ.
541 1358 585 1398 λ.]
614 1358 754 1397 Idipsnm
777 1363 835 1393 est,
856 1358 893 1386 de

182 1410 242 1438 quo
255 1400 344 1429 etiam
358 1405 542 1430 convenerat
557 1402 741 1439 syngrapha,
755 1402 791 1430 ad
804 1411 894 1438 quam

182 1443 314 1481 pertinet
330 1441 370 1472 D.
386 1442 410 1481 ᾗ.
431 1443 646 1473 Callimachus.
672 1444 786 1473 Eodem
805 1443 829 1482 ς.
848 1453 893 1472 re-

178 1495 289 1524 parare
309 1486 385 1514 dicit
406 1486 556 1521 Scaevoia,
580 1487 660 1524 quod
684 1486 749 1515 haec
766 1495 893 1527 syngra-

181 1528 242 1566 pha
264 1527 474 1568 ἄντιφορτίζειν.
513 1529 550 1558 Id
579 1527 683 1558 etiam*
700 1527 894 1568 ἀνταγοξάζειν

181 1571 238 1599 hac
251 1572 387 1600 oratione
404 1581 433 1610 p.
447 1573 519 1602 930.
536 1581 565 1600 v.
577 1574 628 1602 2⁴2.
646 1572 702 1600 ult.
715 1572 763 1601 ed.
778 1572 817 1600 R.
844 1573 892 1600 Ne

181 1613 262 1643 fraus
274 1619 372 1643 autem
388 1614 578 1644 conventioni
592 1615 687 1649 fieret,
702 1624 822 1643 servum
839 1614 893 1642 ali-

183 1666 273 1694 quem
289 1657 318 1684 in
336 1657 441 1686 eadem
462 1657 531 1685 navi
548 1657 716 1691 mittebant,
733 1662 784 1686 aut
806 1657 893 1685 insti-

183 1704 294 1733 torem,
310 1699 359 1728 vel
382 1699 498 1728 socium
521 1700 706 1734 scribebant,
729 1700 781 1738 qui
806 1700 893 1728 ‹lebi-

183 1745 281 1770 torem
297 1742 487 1770 observaret.
511 1752 543 1771 π.
559 1748 647 1781 Φορμ.
666 1753 697 1780 p.
708 1744 780 1773 915.
795 1752 826 1771 v.
840 1744 893 1772 15.

185 1784 236 1813 ed.
254 1784 295 1812 R.
312 1785 418 1814 IDEM.

227 1825 370 1857 ΣωΘέντων
392 1837 419 1856 κ.
437 1837 466 1855 τ.
485 1827 529 1867 λ.]
565 1826 698 1856 Nonnisi
723 1826 819 1865 igitur
846 1837 891 1856 re-

185 1878 276 1898 versa
296 1880 372 1898 nave
389 1870 503 1908 absque
519 1869 688 1907 naufragio,
704 1873 755 1898 aut
770 1869 830 1898 alio
847 1869 890 1898 in-

184 1910 329 1946 fortunio,
343 1912 527 1941 reddebatur
539 1912 656 1942 credita
670 1911 811 1950 pecunia,
822 1922 891 1941 cnm

184 1954 215 1984 in
246 1959 337 1984 totam
364 1954 591 1994 navigationem
614 1955 732 1984 credita
751 1959 826 1989 erat,
856 1955 894 1987 εἷς

183 1996 432 2036 ἇμφοτεςόπλουνι
456 1997 482 2026 si
502 1997 545 2027 ita
565 2002 760 2032 convenerat,
776 2001 810 2025 ut
834 2007 893 2026 non

183 2039 258 2069 alias
284 2040 395 2079 petitio
418 2039 486 2080 ejus
516 2041 663 2070 creditori
692 2044 893 2079 competeret,

183 2092 272 2121 quam
288 2083 314 2111 si
332 2083 418 2112 salva
431 2083 517 2113 navis
535 2083 613 2112 intra
626 2086 739 2113 statuta
755 2088 894 2121 tempora

183 2125 366 2159 revenisset,
384 2130 416 2155 ut
436 2126 466 2155 in
485 2126 590 2165 specie
606 2126 625 2154 l.
641 2127 671 2155 6.
689 2124 731 2154 D.
748 2125 794 2154 De
808 2131 893 2155 παιιτ.

173 2167 254 2209 foen.
299 2169 389 2197 Unde
411 2168 492 2198 fraus
509 2169 689 2207 quandoque
710 2169 802 2203 facta,
817 2178 892 2197 nave

183 2210 325 2240 consulto
352 2211 502 2246 demersa,
534 2211 687 2240 mercibus
717 2215 769 2241 aut
800 2211 893 2240 nuliis

184 2253 336 2292 impositis
353 2258 404 2282 aut
419 2259 508 2283 antea
524 2254 672 2288 venditis»,
688 2265 724 2283 ne
741 2254 813 2292 quid
832 2254 894 2283 soi-

184 2301 306 2325 veretur
333 2296 488 2325 creditori.
512 2297 560 2326 Cs.
593 2307 627 2326 π.
652 2295 743 2325 Ζηνοθ.
768 2308 798 2336 p.
819 2298 892 2327 883.

184 2348 215 2368 v.
235 2341 284 2368 14.
296 2338 346 2367 ed.
363 2339 403 2368 R.
426 2340 532 2368 IDEM.

226 2381 278 2409 Καὶ
295 2379 443 2420 παρέξουσι
456 2381 642 2421 ψᾶργύςιον]
666 2381 894 2420 Proebebuntqne

181 2424 218 2452 iis
231 2424 280 2462 qui
291 2424 467 2453 crediderint
480 2425 646 2462 pecuniam,
660 2425 770 2463 pignus
782 2434 893 2463 purum

181 2465 218 2495 ab
240 2467 318 2494 omui
343 2476 445 2496 manus
466 2468 629 2505 injectione.
665 2467 789 2496 Dicitur
814 2467 893 2495 enim

181 2506 330 2546 ἀνέωαφος
345 2508 492 2544 ὑποθήκη,
507 2511 616 2549 pignus
630 2510 706 2538 omni
722 2519 799 2539 nexu
817 2509 894 2539 soln-

182 2557 239 2581 επις.
261 2552 423 2581 Eum-vs.

225 2593 278 2622 Καὶ
303 2593 454 2632 παξέξουσι
477 2605 504 2623 κ.
520 2605 549 2623 τ.
567 2595 612 2634 λ.]
637 2594 772 2624 Reversi
800 2594 894 2630 igitur

183 2636 340 2665 debitores
366 2646 472 2666 navem
505 2642 534 2666 et
561 2647 676 2666 merces
713 2637 894 2676 oppignera-

184 2682 230 2707 tas
273 2679 419 2708 exhibere
456 2680 640 2709 tenebantur
677 2679 893 2714 oreditoribus,

184 2730 259 2759 quas
272 2721 317 2750 illi
335 2722 574 2760 oppignerarent
599 2726 653 2751 aut
676 2722 892 2757 distraherent,

184 2763 211 2791 si
226 2763 304 2792 intra
318 2770 438 2802 tempus
455 2765 652 2794 constitutum
668 2765 749 2794 facta
765 2775 824 2794 non
846 2776 892 2794 es-

185 2810 232 2834 set
255 2806 378 2836 solutio.
403 2807 487 2837 Dicit
513 2810 563 2838 τῗςν
587 2806 720 2838 ὑποθήκην
741 2806 892 2847 ἀνέπαφον,

183 2858 252 2886 quae
267 2848 340 2877 nulii
361 2849 412 2877 alii
428 2850 562 2888 obligata
577 2855 672 2885 esset,
695 2861 750 2880 nec
771 2851 808 2879 ab
833 2851 892 2881 aiio

184 2891 244 2920 ulio
270 2890 556 2930 vindicariposset.
578 2895 689 2933 κρατεῖν
705 2897 805 2924 autem
825 2904 893 2923 ver·

931 847 1003 875 bum
1029 849 1076 875 est
1100 846 1156 875 hac
1178 845 1207 875 in
1231 856 1265 875 re
1286 846 1458 884 proprium.
1480 847 1529 876 Cf.
1546 857 1581 876 π.
1594 853 1644 876 Τι-

929 888 1005 928 μοὸ.
1028 899 1058 927 p.
1082 891 1177 918 1187.
1205 899 1235 918 v.
1267 892 1317 921 19.
1345 889 1395 918 ed.
1424 889 1466 917 R.
1499 889 1644 919 HERAL-

931 942 1008 962 Dus.

970 974 1068 1003 ’Ἔστω
1083 975 1097 1003 ἢ
1113 973 1222 1013 πρᾶξις
1237 984 1264 1004 κ.
1283 985 1312 1003 τ.
1331 973 1376 1013 λ.]
1401 973 1433 1003 Si
1451 973 1539 1003 navis
1560 974 1644 1003 salva

930 1018 1155 1052 revertebatur,
1179 1016 1308 1056 pecunia
1325 1021 1390 1046 erat
1406 1016 1563 1046 reddenda
1579 1027 1644 1045 cre-

931 1059 1025 1089 ditori
1042 1070 1109 1089 cum
1133 1060 1255 1096 usuri53
1280 1070 1347 1098 quae
1372 1059 1496 1098 quidem
1516 1059 1645 1098 pecunia

932 1102 958 1131 si
985 1112 1043 1130 non
1070 1102 1257 1136 soivebatur,
1279 1102 1365 1131 navis
1388 1106 1418 1131 et
1439 1112 1554 1131 merces
1573 1102 1643 1131 navi

931 1145 1068 1174 advectae
1082 1145 1173 1173 vendi
1191 1149 1341 1182 poterant,
1359 1150 1391 1174 ut
1407 1155 1446 1174 ex
1458 1154 1559 1174 eorum
1572 1155 1643 1184 pre-

931 1188 974 1216 tio
991 1187 1138 1216 creditori
1155 1188 1335 1223 satisfieret3
1359 1187 1385 1216 si
1410 1188 1474 1216 baec
1499 1198 1557 1216 non
1582 1189 1643 1216 suf-

930 1229 1082 1265 ficiebant,
1099 1234 1128 1258 et
1146 1230 1205 1259 alia
1219 1230 1369 1259 debitoris
1386 1231 1476 1264 bona,
1494 1230 1583 1259 etiam
1596 1229 1644 1268 ἔγ-

931 1282 993 1310 γειοι
1011 1273 1159 1302 terrestria
1179 1272 1248 1311 capi
1270 1277 1425 1312 poterant,
1449 1277 1478 1301 et
1500 1273 1642 1307 distrahi,

930 1320 961 1344 et
977 1316 1057 1354 quod
1073 1317 1177 1344 aberat
1192 1315 1264 1344 inde
1281 1315 1369 1345 solvi.
1415 1315 1572 1344 Maritima
1586 1315 1644 1354 igi-

931 1362 979 1387 tur
1004 1359 1082 1387 bona
1103 1358 1168 1387 sola
1185 1358 1361 1395 specialiter
1378 1358 1524 1396 obligata,
1541 1362 1644 1387 cetera

930 1405 1044 1430 tantum
1063 1401 1093 1430 in
1111 1401 1293 1435 subsidium,
1310 1405 1399 1438 atque
1415 1401 1485 1429 aliis
1501 1400 1642 1429 deficien-

929 1444 1023 1473 tibus.
1071 1446 1174 1482 Atque
1190 1444 1260 1478 hoo,
1278 1443 1302 1472 si
1317 1443 1403 1472 navis
1420 1444 1505 1472 salva
1520 1453 1644 1472 reversa

929 1491 1023 1521 esset,
1055 1485 1120 1515 siue
1157 1486 1314 1525 naufragio
1352 1490 1383 1514 et
1418 1486 1482 1514 sine
1512 1487 1642 1523 jactura.

930 1530 1008 1558 Nam
1028 1529 1186 1567 sijactura
1202 1529 1304 1567 aliqua
1320 1533 1382 1557 erat
1405 1529 1484 1557 facta
1507 1538 1545 1556 ex
1571 1539 1645 1558 cou-

929 1581 1021 1600 sensu
1038 1571 1170 1601 omnium
1183 1577 1351 1606 vectorum,
1368 1571 1559 1600 minuebatur
1569 1582 1643 1609 quo-

929 1624 987 1652 que
1004 1614 1120 1643 credita
1135 1614 1264 1652 pecunia
1285 1624 1341 1652 pro
1356 1621 1432 1648 rata,
1450 1618 1483 1642 ut
1500 1618 1586 1652 patet
1603 1625 1642 1643 ex

928 1657 984 1686 hac
1006 1657 1112 1686 eadem
1137 1658 1321 1696 syngrapha,
1344 1657 1402 1686 nisi
1425 1657 1514 1686 aliter
1529 1667 1642 1686 conve-

929 1700 1028 1728 nisset
1041 1700 1121 1728 inter
1134 1701 1358 1729 contrahentes.
1410 1700 1489 1729 Nam
1502 1710 1553 1735 res
1570 1710 1641 1738 pen-

929 1743 1022 1771 debat
1044 1753 1082 1771 ex
1102 1752 1206 1771 eorum
1230 1741 1445 1771 conventione.
1495 1744 1597 1779 Quare
1615 1742 1642 1772 si

927 1785 1125 1814 convenisset
1144 1789 1175 1813 ut
1191 1794 1269 1813 nave
1284 1785 1370 1813 salva
1382 1789 1642 1819 reversa,tantum

927 1828 1080 1866 reciperet
1096 1827 1244 1861 creditor,
1260 1832 1404 1864 quantum
1418 1837 1457 1855 ex
1474 1828 1564 1856 rebus
1581 1837 1643 1856 rna-

927 1869 1051 1904 ritimis,
1066 1870 1124 1899 i.e.
1140 1881 1180 1899 ex
1202 1879 1280 1898 nave
1303 1874 1334 1898 et
1354 1870 1507 1899 mercibus
1533 1879 1568 1898 ea
1590 1871 1643 1900 ad-

926 1912 1028 1941 vectis
1045 1922 1155 1951 capere
1173 1916 1290 1950 posset,
1307 1921 1363 1941 nec
1380 1912 1418 1940 ad
1438 1912 1499 1941 alia
1520 1913 1641 1942 debito-

928 1955 970 1984 ris
987 1957 1065 1984 bona
1081 1959 1322 1989 reverterentur,
1333 1954 1496 1984 conventio
1511 1955 1642 1985 valebat.

929 1998 1157 2034 Negotiationis
1180 1997 1350 2036 periculum
1370 1998 1422 2035 jus
1438 1997 1515 2026 illud
1531 1997 1644 2027 consti-

928 2042 1044 2070 tuebat.
1069 2041 1203 2079 Pignora
1215 2040 1386 2078 trajectitiae
1399 2040 1536 2079 pecuniae
1553 2041 1642 2070 valde

928 2088 1015 2112 erant
1030 2083 1162 2122 fragilia,
1175 2093 1245 2112 cum
1262 2082 1353 2112 maris
1369 2083 1498 2112 sortunae
1517 2083 1642 2113 addicta

928 2130 1042 2156 essent.
1087 2125 1119 2155 Si
1132 2126 1273 2164 peribant
1285 2125 1315 2154 in
1332 2125 1421 2160 mari,
1434 2125 1565 2164 pecunia
1581 2130 1642 2156 tra-

923 2168 1046 2206 jectitia
1061 2168 1181 2207 peribat
1198 2178 1318 2206 quoque
1334 2168 1490 2197 creditori.
1537 2169 1641 2204 Quare

927 2210 1034 2249 ἔγγυον,
1065 2211 1131 2241 sive
1166 2210 1270 2249 ἔγγειον
1299 2209 1377 2240 τόκον
1411 2210 1641 2249 distinguebant

928 2253 985 2283 ἀπὸ
1012 2254 1060 2282 τοῦ
1083 2256 1224 2289 ναυτικοῦ,
1252 2259 1389 2283 nontam
1408 2254 1490 2292 quod
1509 2254 1538 2282 in
1560 2259 1640 2284 terra

929 2297 1028 2326 soenus
1049 2297 1125 2326 ittud
1151 2298 1364 2331 exercebatur,
1388 2306 1477 2333 quam
1494 2298 1576 2334 quod
1592 2297 1640 2336 pi-

928 2348 1023 2377 gnora
1050 2340 1182 2368 babebat
1202 2340 1230 2368 in
1247 2344 1328 2368 terra
1345 2339 1414 2374 sita,
1431 2344 1462 2368 et
1478 2339 1548 2368 ideo
1565 2340 1641 2370 mul-

928 2386 960 2410 to
981 2382 1122 2412 certiora.
1146 2381 1244 2420 ἔγγυος
1260 2385 1290 2410 et
1309 2380 1414 2418 ἔγγειος
1433 2382 1560 2411 eandem
1580 2382 1642 2412 ori-

929 2424 1026 2463 ginem
1053 2425 1177 2458 habent,
1204 2424 1357 2462 siquidem
1387 2423 1469 2461 γύην
1498 2425 1642 2455 dicebant

928 2471 1048 2497 veteres
1065 2467 1126 2496 ἀντὶ
1142 2469 1193 2500 τῆς
1215 2468 1286 2504 γῆς.
1331 2467 1415 2505 Ergo
1439 2466 1536 2504 ἔγγυος
1550 2467 1640 2503 τόκος,

928 2510 979 2539 cui
995 2509 1100 2547 ἔγγειος
1113 2509 1192 2538 οὐσία
1207 2515 1253 2539 est
1269 2510 1441 2549 supposita.
1471 2510 1638 2540 Salmasius

930 2562 957 2581 c.
969 2554 999 2582 3.
1015 2553 1054 2581 de
1071 2553 1117 2581 M.
1130 2553 1170 2582 U.
1187 2553 1291 2590 plures
1307 2552 1441 2591 paginas
1464 2551 1582 2589 implet,
1605 2556 1639 2581 nt

928 2595 1038 2624 doceat
1054 2595 1127 2633 quid
1149 2594 1189 2624 sit
1205 2594 1304 2633 ἔγγυος
1317 2593 1407 2629 τόκος,
1424 2599 1454 2623 et
1469 2593 1572 2631 ἔγγειον
1590 2594 1639 2624 τό·

927 2648 973 2667 κον
998 2638 1193 2671 exterminet,
1217 2639 1390 2675 ubicunque
1418 2637 1582 2674 reperitur,
1607 2641 1638 2666 et

927 2680 1090 2717 plurimum
1110 2681 1235 2709 fallitur.
1281 2680 1344 2709 Hic
1367 2681 1406 2708 τιὶ
1424 2677 1520 2715 ἐ’γγεια
1542 2679 1636 2709 habes

927 2723 1070 2761 opposita
1081 2724 1140 2756 τοῖς
1153 2723 1300 2756 ναυτικοῖς,
1313 2723 1391 2750 bona
1401 2720 1568 2756 terrestria,
1578 2722 1599 2750 i.
1609 2733 1636 2752 e.

928 2766 1006 2794 bona
1027 2775 1093 2804 quae
1114 2766 1142 2795 in
1162 2770 1242 2795 terra
1260 2765 1351 2794 situm
1375 2764 1496 2798 habent,
1516 2763 1555 2793 iis
1570 2775 1637 2803 qnae

927 2808 1056 2838 navibus
1072 2809 1167 2837 maria
1179 2812 1354 2846 peragrant.
1380 2807 1484 2835 lnmt.

962 2850 1015 2880 Καὶ
1026 2849 1056 2880 ἐκ
1065 2850 1133 2890 τῶν]
1146 2850 1196 2879 Καὶ
1207 2849 1279 2878 mibi
1289 2849 1410 2879 videtur
1417 2848 1579 2878 delendum
1587 2859 1638 2879 es-

928 2904 976 2924 se:
991 2904 1024 2923 επ
1038 2894 1167 2924 omnibus
1182 2901 1280 2922 eorum
1291 2892 1377 2922 bonis.
1393 2896 1463 2922 etv.
1476 2894 1506 2922 2.
1519 2902 1551 2930 p-
1563 2894 1636 2924 518.
