1912 3187
266 144 336 193 22

656 145 1324 191 ΔΗΜΟΣΘΕΝΟΎΣ

357 265 395 297 ἐν
408 263 440 296 δὲ
458 262 564 307 ταύτῃ
581 263 800 306 χρηματίζειν
811 265 946 306 πρῶτον
960 264 1022 306 μὲν
1035 264 1110 306 περὶ
1126 262 1231 306 ιερῶν·
1244 262 1360 297 ἔπειτα
1378 264 1439 301 τὰς
1459 261 1634 320 προβολὰς
1650 273 1717 296 πα-

354 310 582 354 ραδιδότωσαν
598 312 659 348 τὰς
681 311 904 354 γεγενημένας
925 309 1019 342 ἕνεκα
1037 313 1099 349 τῆς
1113 313 1260 366 πομπῆς
1286 312 1306 350 ὴ
1332 313 1400 343 τῶν
1426 310 1569 353 ἀγώνων
1588 313 1656 342 τῶν
1678 309 1715 341 ἐν

355 360 428 397 τοῖς
443 358 638 397 Διονυσίοις,
655 356 731 389 όσαι
747 358 792 390 ἂν
806 358 853 400 μὴ
870 353 1127 400 ἑκτετισμὲναι’
1106 369 1199 389 ωσιν.

336 449 390 505 δ’.
409 453 466 506 O
486 452 564 522 μὲν
585 450 708 523 νόμος
726 449 850 511 ουτ-ὅς
875 449 1014 513 ἔστιν,
1040 460 1070 503 ὠ
1050 449 1241 544 ῖοίνδρες
1266 451 1506 515 Ἀθηναῖοι,
1535 449 1695 503 καθἰ
1672 474 1715 503 ον

265 553 313 580 aa
303 525 563 618 προέολοιι
584 526 837 593 γίγνονται,
860 527 1017 592 λέγων,
1033 549 1193 618 ωσπερ
1212 526 1453 589 ἦκουσοιτε,
1475 536 1617 578 ποιεῖν
1637 547 1716 587 την

262 600 506 663 εκκλησιόιν
534 626 573 652 εν
601 601 806 653 Διονύσου
831 600 955 671 μετοὶ
982 625 1044 652 τοι
1073 600 1301 652 Hdvcizoes
1285 625 1324 653 εν
1350 599 1392 652 δε
1419 598 1580 692 ταύτῃ
1591 601 1716 652 ἔπει·

261 673 340 727 ὃοέν
372 675 718 751 χρηματίσωσιν
756 675 794 726 οἶ
823 671 1010 751 πρόεδροι
1044 675 1142 750 περὶ
1172 673 1227 726 ὠν
1255 672 1514 743 διῴκηκεν
1494 699 1514 726 o
1546 671 1716 749 α’ρχων,

257 797 297 841 τῇ·
311 799 445 839 ὑστεράιᾳ
455 801 509 829 τῶν
521 797 651 835 Πανδίων,
666 799 686 830 i.
696 810 722 830 e.
735 799 873 839 postridie
886 798 970 828 ludo-

258 852 329 871 rum
341 842 510 872 Jovialium.
554 845 634 873 Nam
647 843 691 873 sic
707 844 771 872 haec
787 843 880 872 verba
892 841 970 881 legis

259 884 442 924 explicatfizv
455 885 584 916 Διονύσου
595 888 675 924 μετὰ
688 887 727 915 τὲ
739 885 853 916 Πάνδια.
899 885 969 914 Hoc

259 928 397 963 Festum,
410 929 435 958 si
450 929 552 958 Suidae
563 929 650 963 sides,
664 929 755 958 fiebat
771 933 838 967 post
853 927 970 966 Diony-

259 970 316 1005 sia,
336 981 454 1010 magna,
478 975 510 1000 nt
531 977 618 1010 puto,
642 976 672 1001 et
694 972 737 1000 sic
759 971 914 1000 incidebat
938 971 968 999 iu

257 1013 408 1043 decimum
437 1018 576 1043 octavum
603 1013 855 1053 Elaphebolionis
877 1014 969 1043 diem.

259 1055 321 1085 Sed
344 1057 448 1092 timeo,
465 1067 502 1086 ne
518 1057 626 1086 Suidas
643 1057 674 1086 id
691 1057 844 1096 acceperit
856 1068 894 1086 ex
911 1056 969 1085 hoc

256 1098 327 1128 loco
345 1099 571 1134 Demosthenis,
588 1104 630 1135 et,
650 1111 686 1129 eo
702 1101 783 1138 quod
799 1100 841 1128 ait
861 1098 886 1128 ἐν
908 1106 970 1129 Διο·

256 1141 348 1178 νόσου,
373 1152 442 1171 eum
459 1147 582 1179 putasse
604 1143 635 1172 id
651 1143 883 1180 intelligendum
900 1152 970 1171 esse

258 1184 297 1213 de
328 1185 424 1213 Festo
454 1185 650 1214 Liberalium.
705 1186 766 1214 Sed
799 1185 880 1213 aliud
904 1189 968 1213 est:

256 1236 324 1256 nam
352 1226 582 1266 intelligendum
604 1233 652 1257 est
678 1227 717 1257 de
742 1227 822 1262 loco,
845 1237 903 1256 non
930 1227 969 1256 de

257 1273 416 1308 tempore5
438 1269 463 1299 ἐν
480 1269 620 1305 Διονύσου,
637 1270 746 1309 supple
763 1270 835 1309 teg-43,
854 1269 900 1299 vel
921 1279 970 1298 τε-

256 1311 344 1351 μένει,
375 1316 406 1341 et
433 1312 478 1342 sic
508 1313 652 1350 intelligit
678 1313 873 1342 scholiastes.
921 1312 969 1341 De

254 1355 314 1384 hoc
329 1356 423 1384 Festo
440 1356 484 1384 sic
495 1355 631 1394 loquitur
647 1355 892 1394 Etymologicum
908 1364 970 1384 ma-

257 1407 368 1434 gnum:
395 1396 801 1450 Heiv81a,iim{oprin'A5nvpmv
818 1396 875 1427 ἀπο
898 1403 971 1426 Παν-

257 1438 317 1471 δίας
336 1451 386 1473 τνς
409 1441 531 1476 Σεληνης,
555 1439 568 1470 ἢ
591 1439 648 1470 ἀπὸ
669 1440 817 1476 Πανδίονος,
840 1436 869 1468 οἷ
888 1451 936 1469 και
955 1441 968 1469 ἦ

257 1485 331 1519 φυλὴ
347 1482 501 1522 ἐπώνυμος,
514 1496 528 1514 η
544 1482 587 1513 ὅτι
598 1495 640 1521 τῳ
655 1483 704 1512 Διι
717 1484 833 1521 ἄγονται
848 1485 887 1512 τὰ
898 1483 970 1511 Πάν-

258 1525 315 1555 δια.
361 1527 408 1555 De
435 1526 521 1555 Luna
543 1530 575 1555 et
598 1526 752 1555 Pandione
776 1527 888 1555 frustra
911 1530 970 1560 est,

256 1578 326 1598 nam
343 1568 409 1598 siue
425 1569 519 1598 dubio
535 1567 678 1598 dicuntur
691 1568 807 1603 Πάνδια,
825 1572 858 1597 ut
875 1574 969 1596 Πανα-

257 1610 371 1641 θήναια.
415 1612 476 1641 Sed
492 1612 590 1641 donec
605 1612 728 1640 aliunde
743 1612 797 1640 lux
813 1610 969 1649 affulgeat,

258 1653 432 1692 sequendas
457 1659 505 1683 est
527 1654 661 1690 Suidas;
682 1664 751 1683 nam
775 1658 807 1682 et
831 1663 897 1691 quae
921 1663 970 1682 se-

258 1700 392 1734 quuntur
406 1697 486 1735 apud
504 1696 753 1730 Demosthenem,
769 1695 840 1724 nihil
852 1700 970 1725 contra-

256 1738 334 1769 rium
351 1738 493 1768 tinniunt.
511 1740 677 1770 Puram.
709 1739 872 1775 Nugantur
887 1744 970 1768 certe

259 1781 360 1811 Codd.
390 1781 443 1820 qui
472 1782 580 1820 legunt
618 1781 644 1812 ἐν
672 1780 806 1815 Πανδίονι,
836 1785 870 1810 ut
901 1785 970 1810 sunt

257 1823 376 1859 Aldini,
390 1824 495 1863 Regii,
513 1824 644 1854 vindob.
661 1829 691 1853 ct
706 1824 854 1853 Venetus.
891 1825 969 1853 Nam

258 1867 372 1905 optime
397 1867 538 1896 emendat
559 1866 585 1898 ἔν
604 1866 738 1903 Πανδίοις,
759 1865 807 1895 vel
826 1868 882 1895 τῶν
896 1872 970 1894 Παν-

258 1909 329 1945 δίων,
344 1910 390 1949 (id
406 1909 534 1948 perinde
551 1910 620 1943 erit,
637 1922 671 1949 τῃ
689 1906 820 1949 ὑστεραία
831 1911 885 1937 τῶν
896 1915 969 1938 Παν-

257 1951 328 1987 δίων,
341 1953 479 1990 postridie
492 1953 582 1991 primi
593 1951 766 1987 Jovialium,
779 1952 827 1980 vel
838 1963 872 1981 τη
888 1952 971 1980 ίιστε-

257 1993 320 2034 ξαίᾳ.
338 1993 362 2024 ἐν
378 1994 510 2030 Πανδίοις,
533 1995 579 2024 die
596 1995 719 2024 secundo
740 1997 770 2023 ὶιι
791 1985 971 2034 Joii'alibus)

257 2042 370 2076 praeter
385 2038 430 2067 W
434 2038 536 2066 olfium
553 2042 584 2066 et
600 2036 800 2072 Palmerium,
822 2041 971 2076 przrstan-

258 2080 398 2120 tissimus
430 2080 603 2109 Lambinus.
658 2081 819 2117 Nugantur
850 2089 970 2117 quoque

257 2123 429 2161 Scriptores
454 2126 586 2158 veteres,
611 2122 649 2150 de
675 2122 746 2151 Sole
768 2126 799 2150 et
819 2122 916 2155 Luna,
940 2126 971 2150 et

257 2165 407 2195 consimili
419 2165 529 2194 farina:
551 2165 628 2194 inter
640 2164 860 2202 nugacissimus
871 2169 969 2192 autem

258 2218 317 2237 non
343 2207 493 2237 immerito
520 2207 683 2246 Ulpianum
715 2211 850 2236 nostrum
878 2216 970 2245 pono.

258 2251 402 2289 Nugatur
417 2250 547 2289 denique
563 2249 699 2279 VVollius
720 2250 758 2278 de
780 2250 872 2278 Festo
894 2250 970 2278 Ιίνι-

257 2294 368 2328 dionis,
381 2301 411 2322 et
422 2293 460 2322 de
475 2292 648 2323 Jovialibus
666 2292 811 2332 postridie
824 2291 971 2321 Liberali-

258 2347 307 2366 um
325 2336 498 2366 celebratis.
543 2334 658 2369 Πάνδια,
675 2335 734 2364 alio
751 2335 883 2369 nomine,
901 2335 971 2364 Διά-

257 2391 320 2414 σια,
337 2383 421 2408 erant
436 2378 524 2409 Jovis
542 2387 637 2413 sacra,
653 2383 682 2407 et
698 2378 842 2407 dicuntur
861 2378 969 2406 eodem

257 2432 352 2456 more,
367 2432 427 2460 quo
443 2420 634 2457 Παναθήναια,
649 2421 793 2455 Πανιώνια,
814 2420 971 2460 Παμβοιώ-

256 2476 318 2500 τια,
343 2464 527 2494 Πανελλήνια.
554 2464 624 2493 Vid.
642 2462 722 2492 Poll.
738 2464 797 2493 VI.
813 2465 866 2493 37.
909 2463 955 2493 Ve
939 2473 971 2493 e-

256 2519 323 2537 rum
346 2507 418 2547 quia
444 2511 546 2537 nostra
567 2506 735 2545 explicatio
757 2506 846 2543 hujus
868 2505 969 2535 tetrici

257 2550 318 2580 loci
336 2549 494 2589 supponit,
506 2549 611 2579 eadem
624 2559 693 2578 esse
705 2548 822 2584 Πάνδια,
833 2549 871 2578 de
885 2558 921 2578 ea
937 2559 969 2578 re

256 2593 356 2632 primo
377 2592 589 2631 dispiciamus.
633 2593 733 2622 Nemo
756 2602 875 2621 mecum
898 2602 970 2621 con-

257 2634 401 2671 tenderit,
417 2635 476 2665 alia
490 2635 598 2669 fnisse,
619 2635 670 2673 qui
692 2635 901 2673 Thucydidem
926 2635 970 2664 le·

258 2679 347 2719 gerit,
362 2679 389 2708 Ι.
403 2679 476 2708 126.
508 2678 566 2707 Ubi
580 2678 733 2707 memoriae
745 2677 896 2716 proditur,
908 2677 970 2716 Cy-

256 2722 321 2752 loni
337 2721 431 2752 fnisse
455 2720 587 2760 Delphis
608 2730 797 2758 responsum,
823 2725 857 2749 ut
878 2720 970 2749 Athe-

256 2775 360 2795 narum
376 2774 477 2793 arcem
493 2769 658 2804 occuparet
671 2763 711 2804 τῇ
724 2775 773 2793 του
786 2762 850 2796 Διός
864 2762 902 2803 τῇ
915 2772 970 2801 με·

257 2807 343 2848 yle-‘rm
361 2807 450 2847 {oga-n,
463 2807 492 2836 in
507 2806 688 2836 celeberrimo
701 2812 727 2835 et
733 2805 970 2854 frequentissimo

257 2850 338 2880 Jovis
352 2849 503 2889 diesesto:
526 2850 639 2890 (fuisse
660 2855 760 2879 autem
782 2851 836 2878 τᾶν
852 2845 970 2877 Πανδίων

258 2893 469 2928 celebriorem,
485 2903 552 2923 cum
568 2902 679 2931 nempe
692 2891 764 2922 Jovi
778 2890 923 2929 ωανδημε
916 2904 923 2919 ι
939 2894 971 2919 et

258 2935 428 2967 lautissime
455 2945 539 2966 sacra
569 2935 690 2971 saciant,
721 2934 790 2975 quis
817 2933 928 2964 dixerit
940 2932 969 2974 ἓ)

1004 795 1062 826 Ille
1078 800 1173 833 ratus,
1185 797 1341 827 oraculum
1357 797 1395 826 ad
1411 795 1555 835 Olympia
1570 794 1719 831 alludere,

1003 839 1074 868 dum
1089 850 1124 870 ea
1136 841 1314 879 agebantur,
1325 840 1442 869 facinus
1455 838 1646 878 aggreditur,
1658 847 1717 867 non

1005 883 1257 918 animadvertens,
1283 883 1378 912 fuisse
1404 882 1532 912 Athenis
1559 881 1679 915 Διάσια,
1700 879 1720 909 ἃ

1004 926 1137 955 καλεῖται
1169 924 1234 959 Διὸς
1264 925 1339 964 ἑορτὴ
1368 923 1516 965 Μειλιχίου
1542 923 1719 963 μεγίστη,

1005 966 1058 1006 ἔξω
1073 970 1124 1002 τῆς
1144 969 1262 1003 πόλεως,
1284 967 1310 998 ἐν
1332 965 1349 1008 ᾖ
1371 966 1550 1007 πανδημεὶ
1577 965 1720 1002 θύουσι,

1007 1016 1037 1039 et
1079 1021 1146 1050 quae
1183 1012 1265 1050 apud
1298 1011 1511 1050 Thucydidem
1539 1014 1720 1048 sequuntur.

1007 1054 1121 1083 Eadem
1132 1060 1201 1084 sunt
1211 1065 1283 1093 ergo
1293 1054 1398 1084 Πάνδια
1409 1059 1439 1083 et
1450 1054 1568 1083 Διάσια.
1606 1052 1719 1081 Proxi-

1005 1107 1087 1126 mum
1105 1102 1162 1134 est,
1181 1102 1213 1127 ut
1230 1098 1400 1132 videamus,
1415 1096 1567 1135 quomodo
1583 1105 1650 1124 cum
1667 1094 1719 1124 Li-

1006 1140 1159 1169 beralibus
1197 1140 1344 1179 temporis
1382 1140 1498 1169 ratione
1534 1138 1720 1176 conspirent.

1005 1182 1160 1212 Liberalia
1176 1192 1294 1222 magna,
1312 1183 1447 1221 antiqua,
1469 1182 1534 1211 sive
1551 1181 1719 1210 Antheste-

1005 1224 1063 1259 ria,
1084 1225 1123 1254 de
1146 1225 1258 1264 quibus
1280 1224 1329 1254 hic
1353 1225 1465 1264 agitur,
1486 1223 1720 1254 celebrabantur

1005 1267 1137 1296 Athenis
1151 1268 1266 1297 Mensis
1283 1266 1528 1297 Anthesterionis
1542 1265 1651 1295 diebus
1664 1274 1720 1293 nn-

1005 1309 1137 1346 decimo,
1178 1311 1362 1340 duodecimo
1390 1315 1421 1339 et
1457 1308 1576 1338 decimo
1617 1307 1719 1337 tertio.

1005 1352 1171 1382 Proximus
1182 1353 1249 1382 dies
1262 1353 1420 1393 legitimus,
1435 1362 1496 1390 qno
1509 1349 1591 1390 Κυξία
1600 1348 1719 1380 Ἐκκλη-

1005 1394 1066 1431 σία,
1095 1396 1161 1425 sive
1185 1396 1315 1425 Senatus
1339 1395 1520 1429 ordinarius,
1542 1394 1665 1423 stativas
1688 1396 1720 1421 et

1004 1437 1066 1477 Iege
1088 1439 1243 1468 institutus
1266 1438 1444 1473 habebatur,
1462 1437 1489 1466 is
1515 1441 1592 1472 erat,
1618 1439 1652 1465 ut
1679 1445 1719 1464 ex

1003 1480 1108 1510 Fastis
1132 1481 1246 1510 Atticis
1265 1479 1423 1515 discimus,
1445 1479 1585 1517 ejusdem
1603 1477 1719 1507 mensis

1003 1523 1070 1553 dies
1077 1525 1128 1553 24.
1139 1524 1206 1553 sive
1213 1522 1443 1563 Ἀνθεστηριῶνος
1450 1521 1591 1560 φθίνοντος
1600 1520 1720 1559 ἑβδόμη.

1003 1565 1191 1604 sequeretur
1210 1566 1323 1605 itaque,
1339 1566 1420 1604 quod
1436 1565 1536 1604 pridie
1556 1564 1645 1593 istius
1661 1564 1718 1593 Se-

1004 1613 1094 1637 natus
1110 1613 1272 1648 agerentur
1286 1608 1406 1644 Διάσια,
1423 1608 1489 1637 sive
1511 1607 1628 1642 Πάνδια,
1646 1616 1716 1636 cum

1005 1651 1086 1686 Lex,
1100 1662 1188 1690 quam
1202 1651 1252 1680 hic
1267 1651 1394 1680 adducit
1410 1649 1648 1685 Demosthenes,
1666 1659 1718 1680 co-

1004 1698 1056 1731 gat
1069 1695 1133 1727 τοίις
1148 1695 1296 1734 Πρυτάνεις
1311 1695 1403 1722 ποιεῖν
1417 1691 1569 1722 ἐκκλησίαν
1582 1690 1608 1721 ἐν
1624 1690 1719 1722 Διονύ-

1004 1747 1055 1765 σου
1068 1736 1106 1776 τῇ
1127 1735 1261 1776 ὑστεραία
1280 1739 1336 1765 τῶν
1354 1735 1484 1769 Πανδίων,
1508 1735 1570 1770 vel,
1595 1739 1628 1763 ut
1648 1734 1718 1773 ipse

1003 1779 1130 1816 perinde
1147 1779 1291 1817 explicat,
1315 1780 1399 1809 ποιεῖν
1414 1777 1565 1808 ἐκκλησίαν
1578 1778 1662 1815 μετὰ
1677 1779 1720 1807 τὰ

1003 1821 1120 1851 Πάνδια.
1163 1822 1231 1852 Jam
1261 1832 1298 1851 eo
1328 1831 1443 1856 mense,
1469 1825 1500 1850 et
1529 1820 1651 1859 quidem
1681 1829 1719 1849 eo

1003 1873 1109 1894 mense
1133 1869 1272 1898 exeunte,
1299 1864 1348 1904 agi
1374 1864 1490 1899 Πάνδια,
1514 1864 1581 1892 sive
1597 1862 1718 1897 Διάσια,

1005 1907 1126 1936 aliunde
1143 1908 1302 1937 discimus.
1350 1908 1470 1941 Διάσια,
1482 1905 1629 1946 Ἀθήνῃσιν
1643 1904 1718 1944 ἐορτῆ

1003 1948 1151 1990 Μειλιχίου
1179 1949 1252 1984 Διές,
1279 1949 1389 1989 μηνὸς
1424 1947 1720 1987 Ἀνθεστηςιῶνος

1004 1991 1195 2030 φθίνοντος.
1233 2003 1289 2032 σχ.
1325 1992 1485 2031 Aristoph.
1518 1992 1602 2020 Nub.
1642 1992 1717 2021 407.

1005 2035 1095 2064 Cavit
1118 2035 1212 2072 igitur
1239 2036 1313 2070 Lex,
1333 2039 1367 2063 ut
1389 2035 1427 2063 de
1446 2034 1496 2069 iis,
1512 2043 1580 2072 qua:
1597 2032 1719 2063 accide-

1004 2082 1074 2106 runt
1086 2077 1116 2105 in
1133 2078 1337 2112 Liberalibus,
1352 2077 1476 2118 (diebus
1493 2087 1535 2106 sc.
1551 2076 1718 2106 Antheste-

1004 2119 1098 2148 rionis
1118 2121 1232 2149 mensis
1250 2124 1299 2150 11.
1317 2124 1365 2150 1⁴2.
1383 2125 1414 2149 et
1431 2118 1498 2158 13.)
1519 2119 1648 2158 quaestio
1667 2119 1719 2148 ha-

1005 2162 1127 2191 beretur
1139 2163 1277 2201 proximo
1293 2163 1344 2192 die
1359 2162 1496 2200 legitimo
1519 2165 1642 2191 senatus
1667 2161 1720 2191 ha-

1005 2204 1109 2240 bendi,
1126 2216 1169 2235 sc.
1186 2206 1324 2244 ejusdem
1340 2205 1454 2234 mensis
1469 2205 1519 2234 die
1543 2207 1594 2234 24.
1625 2205 1718 2234 ΤΑΥ-

1006 2257 1086 2278 Lon.
1123 2249 1309 2278 Theodorei.
1335 2248 1374 2277 de
1401 2248 1530 2286 Martyr.
1554 2251 1585 2276 et
1607 2246 1718 2277 Sacrif-

1004 2289 1044 2319 In
1074 2290 1185 2320 schedis
1202 2293 1305 2321 Inmi-
1330 2291 1510 2328 Legendum
1522 2289 1562 2330 τῇ
1585 2289 1720 2329 ὑστεξαία

1004 2334 1058 2362 τῶν
1070 2331 1198 2363 Πανδίων.
1223 2335 1301 2363 Nam
1315 2334 1474 2372 explicans
1490 2332 1589 2371 legem
1607 2333 1719 2362 Orator

1005 2376 1096 2414 paulo
1116 2382 1187 2415 post
1203 2377 1293 2405 habet
1311 2375 1392 2415 μετὰ
1408 2378 1447 2405 τὰ
1459 2375 1574 2405 Πάνδια.
1595 2375 1719 2405 ΙῐῑηΙΝ.

1006 2419 1140 2448 Consule
1165 2419 1370 2458 praefationem
1395 2418 1570 2458 Spaldingii
1596 2417 1635 2447 de
1660 2417 1719 2447 hoo

1005 2461 1085 2491 loco.

1048 2501 1251 2545 Χρηματίζειν]
1274 2504 1320 2534 W
1324 2491 1720 2542 olfius,respondento.1m-

1004 2557 1054 2576 mo
1070 2547 1185 2586 potius,
1207 2548 1322 2577 dicendi
1335 2543 1641 2586 1›otestatemfaciant,
1660 2545 1719 2575 hoc

1005 2595 1063 2624 est,
1077 2590 1102 2620 si
1116 2591 1189 2629 quid
1200 2600 1360 2629 perperam
1370 2590 1480 2618 sactum
1491 2588 1542 2624 sit,
1553 2587 1719 2617 accusandi

1004 2633 1179 2662 facultatem
1207 2633 1337 2662 cuilibet
1367 2631 1545 2661 concedant.
1602 2630 1718 2660 Eodem

1005 2686 1097 2705 sensu
1119 2675 1154 2704 τὸ
1172 2674 1406 2715 χρηματίσωσιν,
1423 2679 1453 2703 et
1469 2685 1502 2703 το
1515 2671 1719 2721 χρηματίζειν,

1004 2728 1071 2756 qnae
1082 2718 1218 2757 proxime
1234 2722 1414 2756 sequuntur,
1430 2716 1589 2746 manifeste
1603 2714 1718 2754 accipi-

1003 2761 1082 2789 enda
1098 2765 1177 2790 sunt.
1200 2761 1242 2790 δυ
1250 2770 1324 2790 mx.

1047 2803 1188 2842 Πξοβολαι
1202 2804 1245 2841 μὴ
1258 2800 1476 2841 ἐκτετισμέναι]
1493 2800 1565 2830 H-l.
1576 2799 1720 2831 dicuntur

1006 2846 1126 2884 injniiae
1137 2857 1192 2881 eae,
1203 2847 1241 2875 de
1255 2845 1364 2885 quibus
1377 2845 1450 2873 laeso
1461 2854 1518 2873 non
1530 2843 1719 2873 satisfactum

1006 2888 1046 2918 sit
1061 2892 1129 2918 ante
1147 2889 1332 2918 concionem.
1356 2888 1448 2916 Spar
1455 2897 1552 2916 nixo.

1049 2931 1082 2961 δ’.
1096 2930 1222 2973 Ἀρχων]
1246 2930 1344 2960 Ἐδίδου
1357 2941 1410 2970 γαξ
1426 2929 1504 2967 λόγον
1518 2929 1540 2959 εἴ
1553 2927 1584 2958 τὸ
1593 2928 1721 2969 ἄγαλμα
