1912 3187
316 162 349 208 8
676 164 1031 214 SPALDI'NGH
1066 166 1400 216 PRAEFATIO.

308 278 408 327 joris
428 277 544 327 facio,
568 292 684 329 quam
713 280 814 318 huuc
836 280 1149 326 homuncionem,
1171 278 1408 317 Phocionem
1428 278 1597 317 cicutam
1628 279 1778 319 bibisse

314 340 472 390 Olymp.
496 341 619 377 CXV.
637 344 673 378 3,
696 347 733 378 et
762 341 939 386 Midiam,
970 348 1065 385 tum,
1087 353 1173 378 cum
1196 339 1398 377 AEschines
1424 340 1462 377 in
1485 339 1683 389 judicium
1703 341 1774 379 ad-

312 401 420 438 duxit
431 402 738 450 Ctesiphontem,
751 402 1112 452 sc.Olymp.CX11.
1126 408 1161 440 3.
1176 408 1273 439 teste
1287 401 1372 451 ipso
1383 402 1564 440 AEschine
1582 403 1619 440 in
1635 402 1775 441 eadem

313 463 503 512 oratione,
523 470 641 512 atque
657 464 770 500 etiam
787 463 960 509 dolente,
975 463 1133 501 desiisse
1151 463 1251 499 inter
1263 463 1369 499 vivos
1383 463 1589 502 numerari.
1629 464 1688 502 En
1702 463 1774 501 Hi-

313 525 496 562 storicnm
509 524 584 562 fide
595 524 770 574 dignum!
792 526 850 562 En
867 525 1112 574 illum,quen1
1124 530 1266 562 vocant
1279 523 1543 564 Plutarchum.
1563 526 1778 565 TAYLOR.

656 681 770 722 SPA
780 681 933 722 LDIN
943 681 1040 723 Gn
1078 680 1437 723 PRAEFATIO.

363 838 514 884 Νιτκευ,
544 844 751 887 antequam
782 837 831 875 ad
861 838 986 888 ipsum
1018 843 1212 876 oratorem
1241 837 1433 876 dimittam
1467 837 1669 885 lectorem,
1689 849 1771 876 mo-

312 901 436 937 nenda
471 900 562 937 mihi
594 908 683 938 sunt
716 901 859 950 aliqua,
893 901 1072 938 universe
1103 900 1152 938 ad
1188 901 1333 939 Atticae
1365 901 1564 947 orationis,
1586 907 1626 940 et
1654 900 1776 950 hujm·

309 962 569 1011 potissimum,
586 962 943 1011 interpretationem
965 962 1198 1012 spectantia.
1316 956 1323 971 ¹

362 1024 399 1060 Si
421 1024 469 1060 sit
491 1023 690 1072 judicialis
710 1023 848 1068 oratio,
881 1036 997 1073 quam
1030 1023 1204 1074 legimus,
1227 1028 1269 1061 ut
1298 1029 1358 1062 est
1388 1027 1538 1070 nostra,
1559 1023 1773 1074 compellat

309 1084 535 1134 plerumque
557 1085 852 1133 oratorjudices
868 1098 969 1130 suos,
987 1085 1122 1136 ibique
1142 1086 1246 1136 apud
1266 1086 1419 1123 Atticos
1435 1085 1600 1123 recurrit
1616 1098 1774 1136 semper

308 1146 401 1182 iliud
423 1158 431 1182 :
463 1144 488 1183 ὦ
511 1146 641 1197 ἄνδρες
663 1146 846 1191 δικασταὶ,
867 1147 941 1192 vel,
966 1143 993 1183 ὦ
1023 1147 1153 1198 ἄνδρες
1183 1149 1397 1194 Ἀθηναῖοι.
1455 1147 1523 1184 Eae
1555 1146 1773 1185 locutiones

307 1220 356 1242 ex
388 1208 504 1244 Attici
535 1207 607 1244 sori
642 1213 775 1244 natura
804 1215 895 1246 sunt
927 1209 1165 1258 repetendae.
1222 1209 1321 1246 Cum
1352 1208 1454 1245 enim
1481 1208 1652 1257 populus
1685 1207 1770 1258 ipse

300 1267 480 1316 judicum
516 1268 654 1307 muniis
692 1270 884 1309 obeundis
917 1271 1108 1308 libertatis
1139 1285 1217 1308 suae
1244 1284 1356 1308 usum
1394 1276 1610 1319 exerceret,
1630 1269 1773 1308 eodem

307 1329 420 1373 redit,
438 1330 515 1367 sive
533 1330 708 1373 δικαστὰς
725 1331 802 1368 sive
816 1331 1047 1376 Ἀθηναίους
1074 1333 1245 1381 appellet
1265 1332 1466 1368 auditores
1487 1337 1633 1369 orator.
1675 1331 1772 1369 Non

306 1389 393 1427 loco
414 1390 534 1427 nobili
551 1392 641 1436 nati,
672 1404 747 1428 uon
769 1391 888 1429 literis
910 1398 977 1428 aut
996 1392 1127 1441 aliqua
1155 1391 1348 1429 artificiali
1373 1391 1685 1441 jurisprudentia
1712 1391 1773 1429 in.

306 1452 442 1489 structi
474 1459 582 1489 erant
612 1453 649 1498 ii,
672 1453 738 1502 qui
766 1452 924 1502 judices
947 1453 1128 1491 sederent
1148 1453 1252 1504 apud
1277 1454 1566 1498 Athenienses;
1596 1453 1679 1499 sed,
1700 1453 1770 1503 qui

305 1513 420 1550 homo
450 1520 552 1551 esset
579 1520 619 1552 et
644 1515 755 1564 civis,
785 1515 816 1552 is
859 1516 973 1553 etiam
1011 1523 1116 1553 recte
1147 1515 1330 1564 judicare
1365 1529 1479 1566 posse
1515 1515 1768 1554 credebatur.

306 1576 406 1619 Qua*
432 1576 674 1625 judiciorum
709 1577 895 1625 conditio,
926 1584 970 1615 ut
989 1578 1198 1627 aequalium
1231 1585 1451 1616 nostrorum
1478 1577 1632 1627 aliquot
1651 1577 1768 1623 futili,

306 1650 421 1685 qnam
450 1639 661 1689 appellant,
695 1639 950 1690 philosophiae
974 1648 1012 1677 et
1044 1640 1188 1678 levitati
1221 1640 1496 1678 democraticae
1529 1653 1768 1691 magnopere

304 1699 466 1736 fortasse
504 1699 704 1745 arridebit,
752 1701 805 1738 ita
840 1702 959 1750 magis
1008 1701 1135 1738 sobrie
1174 1701 1542 1752 philosophantibus
1581 1701 1768 1751 pestifera

304 1771 403 1796 verae
421 1760 587 1798 libertati
603 1761 851 1811 justitiaeque
868 1768 907 1800 et
926 1761 1045 1799 fuisse
1067 1768 1106 1800 et
1121 1776 1206 1800 esse
1223 1762 1368 1800 debere
1393 1762 1602 1800 videbitur.
1660 1763 1767 1800 Prae-

303 1827 361 1858 ter
377 1822 589 1859 Consilium
610 1823 646 1860 in
669 1824 776 1861 Colle
797 1824 942 1861 Martio
957 1827 1038 1871 (τὴν
1059 1825 1099 1861 ἐν
1119 1827 1251 1876 Ἀρείῳ
1274 1824 1385 1875 πάγῳ
1399 1823 1564 1871 βουλὴν)
1586 1824 1692 1874 quod
1711 1837 1768 1862 so-

304 1882 394 1927 lnm,
417 1885 530 1921 etiam
560 1892 651 1935 post
670 1885 829 1922 Periclis
855 1885 1202 1923 circumscribendi
1223 1885 1308 1934 ejus
1335 1885 1539 1923 conamina
1560 1885 1767 1935 haudqua-

305 1957 420 1993 quam
455 1945 574 1990 irrita,
607 1946 835 1996 dignitatem
867 1946 1036 1996 aliquam
1078 1947 1352 1994 conservabat,
1386 1946 1521 1983 decem
1552 1946 1626 1984 alia
1656 1952 1769 1985 erant

302 2005 524 2050 tribunalia,
547 2020 712 2056 quorum
735 2014 903 2057 quatuor
922 2008 1051 2046 credes
1073 2021 1150 2045 non
1173 2008 1351 2045 consulto
1373 2007 1499 2045 factas
1515 2007 1766 2056 judicabant,

304 2067 434 2116 paullo
467 2068 603 2116 majori
637 2069 839 2118 diligentia
869 2070 1020 2108 delecta
1040 2070 1116 2115 illa,
1144 2082 1273 2119 neque
1295 2082 1398 2106 mera
1420 2074 1522 2106 sorte
1548 2068 1664 2107 data:
1696 2082 1766 2107 sex

302 2136 429 2166 antem
447 2130 495 2167 de
514 2131 690 2168 civilibus
704 2132 828 2168 causis
842 2133 1146 2181 cognoscebant,
1161 2133 1200 2168 in
1217 2131 1360 2182 quibus
1375 2131 1511 2169 levitas
1528 2137 1568 2169 et
1586 2130 1764 2182 nequitia

302 2191 594 2229 Atheniensium
608 2193 857 2241 grassabatur
870 2193 906 2230 in
924 2194 1069 2243 primis.
1093 2193 1268 2242 Horumj
1278 2193 1411 2231 udices
1425 2199 1530 2230 sorte
1550 2193 1761 2244 capieban-

304 2259 366 2290 tur
385 2253 634 2303 omniumque
660 2254 838 2291 ordinum
869 2255 1020 2293 civibus
1042 2260 1093 2293 30
1113 2268 1235 2293 annos
1256 2254 1355 2292 natis
1371 2254 1499 2292 aditus
1518 2254 1567 2292 ad
1589 2268 1633 2292 ea
1654 2261 1763 2306 pate-

303 2314 382 2351 bat.
414 2314 704 2352 Nobilissimum
719 2329 852 2353 eorum
867 2323 949 2354 erat
965 2317 1133 2363 Ἡλιαία,
1155 2330 1231 2354 non
1250 2329 1400 2366 semper
1416 2316 1557 2354 eodem
1577 2322 1762 2355 constans

303 2377 396 2414 illud
412 2376 591 2425 judicum
615 2391 775 2415 numero
794 2379 883 2426 (etsi
914 2379 1059 2429 proprii
1079 2380 1164 2427 ejus
1191 2378 1398 2416 tribunalis
1417 2384 1527 2416 erant
1557 2377 1761 2428 quingenti

297 2438 470 2486 judices)
486 2438 551 2475 sed
574 2445 744 2483 auctum,
761 2440 797 2476 in
819 2440 1032 2489 majoribus
1065 2440 1205 2484 causis,
1240 2440 1405 2477 aliorum
1433 2439 1676 2489 judiciorum
1697 2450 1762 2476 ac-

282 2497 489 2544 ”cessione
508 2513 583 2548 qua
608 2501 754 2538 ratione
777 2501 833 2538 bis
862 2502 962 2539 mille
982 2501 1176 2540 interdum
1207 2501 1394 2539 sedebant
1408 2500 1583 2550 judices.
1640 2500 1762 2550 Apud

302 2561 371 2599 hos
403 2574 555 2597 causam
579 2561 720 2599 dixisse
757 2563 951 2600 Socratem
988 2563 1185 2611 ingeniose
1215 2563 1388 2613 disputat
1424 2560 1691 2611 Buganvillius
1721 2560 1762 2599 in

303 2623 598 2660 Commentariis
622 2623 842 2659 Academia*
864 2623 1048 2661 bonarum
1071 2625 1265 2662 literarum
1292 2624 1458 2661 Gallicae
1479 2623 1528 2659 V.
1550 2627 1613 2660 18.
1635 2635 1674 2672 p.
1696 2626 1763 2662 87.

300 2685 399 2722 Cum
426 2684 559 2733 itaque
587 2684 744 2732 judices
775 2684 813 2721 in
846 2685 1088 2722 orationibus
1118 2685 1365 2734 appellantur
1395 2684 1524 2735 ἄνδρες
1553 2685 1764 2730 Ἀθηναῖοι,

299 2746 421 2796 probe
441 2746 478 2783 id
500 2745 813 2796 distinguendum
835 2754 893 2783 est
913 2747 962 2783 ab
983 2747 1104 2796 ipsius
1127 2747 1265 2796 populi
1287 2745 1457 2791 nomine,
1479 2745 1547 2795 qui
1566 2745 1761 2783 interdum

300 2808 405 2845 hisce
433 2808 574 2845 diserte
595 2808 819 2857 opponitur,
844 2813 884 2844 ut
915 2808 1105 2845 innostra
1136 2813 1164 2851 ᾗ.
1199 2809 1273 2857 μη’.
1306 2808 1761 2858 ὃσων,-·νκίιι-αχειροτονὴ-

299 2885 434 2911 παντως
456 2874 516 2907 τοῦ
537 2869 725 2920 (ὗέἡμουᾞ
747 2872 849 2919 ὑμεῖς
864 2872 1118 2917 ’κατεγνώκατε
1142 2874 1166 2892 “
1180 2887 1206 2906 ω
1241 2870 1370 2919 ἄνδρες
1389 2868 1630 2914 Ἀθηναῖοι.”
1686 2869 1762 2910 PG-

299 2931 412 2981 pulus
430 2931 506 2976 ille,
529 2937 588 2969 est
607 2931 746 2970 concio
771 2932 992 2980 (ἐκκλησία).
1034 2931 1094 2968 De
1105 2930 1310 2980 judicibus
1327 2929 1626 2969 Atheniensium
1649 2929 1759 2968 locus
