1912 3187
268 152 331 200 12
579 161 659 204 EX
694 161 850 204 EDIT.
883 160 1149 204 HERVAG.
1182 161 1367 205 PRAEF.

258 271 559 316 Demosthenes,
591 285 678 310 cum
706 271 894 322 Dionysia
909 275 1124 321 agerentur,
1147 269 1214 319 qui
1233 269 1316 307 ludi
1335 275 1446 308 erant
1465 268 1503 307 in
1524 269 1711 307 honorem

257 332 387 371 Liberi
413 333 532 382 patris
551 332 731 378 instituti,
752 338 987 382 curatorque
1014 330 1191 368 ludorum
1218 336 1301 368 erat
1326 344 1412 368 cum
1432 330 1516 368 aliis
1535 330 1711 368 delectus

258 393 556 440 Demosthenes,
584 407 682 444 quos
703 394 890 445 choragos
910 393 1171 444 appellabant.
1196 405 1278 430 eam
1304 392 1497 442 iujuriam,
1525 400 1642 442 atque
1671 390 1710 428 id

256 456 400 494 crimen
421 470 509 494 cum
531 469 763 506 magnopere
789 468 1018 507 exaggerare
1040 455 1152 492 vellet
1179 461 1322 501 orator,
1343 455 1493 505 aliquot
1512 454 1710 492 hominum

255 518 431 568 exempla
451 530 669 563 recensens,
700 517 767 567 qui
786 517 837 554 ob
857 516 1127 566 hujuscemodi
1147 515 1320 554 facinora
1348 517 1386 554 in
1416 515 1589 554 fraudem
1611 514 1713 563 capi-

255 579 372 616 talem
403 579 633 624 inciderant,
662 586 701 616 et
731 578 781 616 ab
811 578 994 628 injuriam
1019 578 1141 629 passis
1169 579 1262 617 caesi
1291 585 1414 624 erant,
1434 578 1487 616 ita
1506 577 1647 627 inquit,
1668 577 1711 613 οὒ

256 643 330 689 γάρ
344 641 365 685 ἡ
381 643 506 688 πληγὴ
522 642 725 691 παρέστησε
746 642 812 685 τὴν
831 640 959 690 ὀργὴν,
973 643 1049 678 &Q
1078 639 1131 677 Ut
1151 644 1278 677 autem
1300 652 1358 676 res
1375 639 1508 676 melius
1525 638 1714 688 intelliga-

254 707 330 746 tur,
367 714 443 739 uno
473 709 540 739 aut
569 701 689 739 altero
720 714 832 738 versu
859 701 988 738 locum
1023 701 1136 738 altius
1170 700 1374 750 repetitum
1405 699 1605 737 traducam
1636 699 1711 736 hoc

255 762 388 806 modo,
415 775 462 800 ac
491 762 738 812 sesquiversu
766 761 997 812 producam.
1053 762 1256 799 Noverunt
1285 760 1359 798 hoc
1390 761 1513 806 multi,
1541 761 1712 798 Evaeona

253 822 526 862 Lenda-nantis
545 824 701 862 fratrem
722 825 823 862 inter
847 824 996 875 epulas,
1019 825 1055 861 in
1077 830 1350 873 conventuque
1371 824 1534 874 publico
1551 824 1712 861 obtrun-

254 890 384 922 catum
412 898 433 922 a
455 886 605 929 ssoeoto,
628 885 786 924 unicum
806 885 857 923 ob
881 885 1088 936 colaphum
1109 884 1311 922 inflictum.
1339 898 1466 935 neque
1486 898 1576 923 vero
1596 884 1712 922 unica

252 945 368 995 plaga
398 946 463 983 irae
487 948 675 996 impetum
703 947 770 992 illi,
799 948 866 985 sed
895 947 1104 997 ignominia
1133 946 1240 985 civit.
1261 959 1388 996 neque
1409 946 1511 984 caedi
1535 945 1712 996 ingenuis

253 1018 367 1054 grave
388 1015 460 1054 est,
478 1008 627 1045 tametsi
644 1015 700 1046 est
715 1009 842 1058 ipsum
863 1022 991 1059 grave.
1009 1008 1047 1046 id
1068 1008 1262 1047 enimvero
1276 1009 1429 1046 demum
1445 1021 1559 1058 grave
1575 1013 1645 1054 est,
1661 1007 1712 1045 ad

252 1069 524 1106 coutumeliam
554 1069 668 1106 coedi.
725 1070 925 1120 Siquidem
958 1070 1080 1108 multa
1113 1069 1256 1116 facere,
1284 1083 1307 1107 o
1337 1070 1405 1107 viri
1435 1068 1709 1118 Athenienses,

251 1129 465 1167 existimari
495 1137 627 1179 potest
657 1130 723 1181 qui
752 1131 869 1169 alium
896 1132 1026 1177 caedit,
1047 1144 1211 1181 quorum
1232 1137 1395 1182 partem,
1425 1144 1471 1168 ne
1493 1130 1523 1168 is
1552 1130 1712 1180 quidem

253 1191 321 1239 qui
342 1191 571 1228 verberibus
591 1190 770 1237 afficitur,
794 1191 968 1229 indicare
990 1193 1082 1229 satis
1113 1205 1287 1229 sermone
1305 1198 1424 1241 atque
1445 1192 1553 1229 effari
1573 1190 1711 1241 possit,

251 1250 334 1300 ipsa
365 1252 634 1301 perpetrandae
664 1252 720 1290 rei
748 1252 892 1304 speeie,
923 1253 1064 1290 obtutu
1095 1253 1330 1297 truculento,
1356 1252 1463 1290 vocis
1492 1251 1712 1296 atrocitate,

252 1311 354 1349 adde
370 1325 458 1349 cum
478 1312 686 1363 sugillandi
708 1313 850 1360 animo,
866 1326 985 1364 quum
1007 1313 1205 1351 inimicum
1225 1326 1266 1350 se
1286 1312 1525 1363 profitendO,
1543 1312 1715 1361 denique

253 1387 372 1424 quum
401 1374 554 1424 pugnis,
581 1381 621 1413 et
647 1387 768 1425 quum
795 1377 835 1414 in
856 1376 994 1414 malam
1015 1376 1146 1415 caedit.
1203 1376 1326 1425 Atqui
1355 1376 1440 1413 haec
1467 1381 1713 1425 promovent,

253 1435 338 1472 haec
359 1435 516 1484 inquam
537 1443 716 1474 emovent
736 1437 785 1475 de
806 1438 942 1476 mentis
963 1451 1041 1476 suae
1068 1443 1169 1475 statu
1191 1437 1363 1474 homines
1391 1437 1636 1474 contumeliae
1659 1443 1715 1474 at-

254 1507 330 1545 que
352 1495 607 1545 sugillationis
630 1496 852 1534 insolentes.
894 1499 963 1534 His
983 1498 1346 1547 commemorandis,
1367 1511 1391 1534 o
1411 1498 1479 1534 viri
1499 1497 1712 1535 Athenien-

252 1569 324 1600 ses,
343 1568 457 1593 nemo
476 1562 534 1593 est
554 1556 622 1605 qui
643 1558 696 1593 rei
721 1557 967 1594 atrocitatem
987 1556 1123 1594 animis
1153 1556 1396 1595 audientium
1420 1558 1625 1608 oculisque
1653 1571 1713 1595 re-

251 1623 487 1666 praesentare
509 1623 640 1665 queat,
660 1623 789 1667 praeut
809 1618 968 1667 quidem
990 1623 1050 1655 est
1069 1617 1210 1666 injuria
1232 1631 1272 1655 re
1296 1618 1380 1668 ipsa
1399 1619 1613 1668 conspicua
1633 1631 1713 1656 om-

251 1677 366 1714 nibus
397 1677 567 1714 numeris
596 1677 814 1725 evidentiae,
841 1679 885 1716 iis
912 1679 979 1728 qui
1004 1678 1059 1715 rei
1089 1684 1328 1728 spectatores
1358 1678 1531 1730 fuerunt,
1560 1680 1714 1730 ipsique

251 1738 350 1775 adeo
366 1738 548 1787 injuriam
561 1751 759 1788 perpesso.
817 1740 995 1784 Quorum
1014 1739 1219 1777 verborum
1240 1740 1406 1777 oratoris
1423 1740 1507 1777 haec
1521 1741 1714 1779 sententia

251 1805 322 1844 est,
344 1812 388 1836 ea
409 1812 498 1849 quae
518 1801 573 1837 rei
595 1799 783 1848 adjuncta
803 1801 986 1839 dicuntur
1013 1804 1058 1850 (a
1078 1801 1320 1845 Quintiliano
1341 1801 1456 1839 etiam
1485 1803 1711 1852 complexus

250 1873 451 1899 causarum
472 1867 510 1898 et
529 1861 831 1900 circumstantiae
848 1863 1002 1900 nomine
1023 1863 1281 1912 appellantur,
1298 1869 1341 1900 ut
1357 1863 1491 1900 Graeci
1510 1863 1713 1913 appellant

250 1923 490 1971 περίστασιν)
511 1934 595 1958 esse
616 1921 854 1971 hujusmodi,
873 1929 913 1960 ut
927 1936 1062 1973 magna
1077 1936 1122 1960 ex
1139 1930 1251 1972 parte
1266 1924 1392 1961 animo
1408 1923 1528 1973 magis
1545 1924 1713 1973 concipi,

251 1994 367 2030 quam
387 1982 507 2020 verbo
527 1983 723 2021 enunciari
743 1984 906 2034 possint.
964 1985 1118 2022 Citatur
1131 1991 1260 2022 autem
1282 1985 1346 2022 hic
1366 1984 1474 2022 locus
1490 1998 1512 2022 a
1526 1986 1715 2023 Jurecon-

251 2043 354 2080 sulto
372 2043 409 2080 in
432 2043 529 2093 Cap.
555 2045 637 2081 Aut
656 2044 762 2082 facta
784 2046 821 2094 §.
844 2046 1028 2095 qualitate
1058 2046 1165 2082 rixae.
1187 2045 1228 2084 ff.
1250 2046 1299 2083 de
1323 2045 1459 2096 poenis.
1516 2046 1594 2084 Ubi
1621 2060 1712 2084 cum

250 2104 548 2142 Jureconsultus
579 2117 625 2142 ea
656 2106 970 2156 amplificationis
997 2113 1222 2155 argumenta
1252 2119 1341 2156 quae
1373 2120 1395 2144 a
1422 2107 1715 2145 circumstantia

251 2164 460 2213 ducuntur,
486 2164 523 2201 in
545 2171 692 2216 septem
711 2166 849 2204 modos
874 2166 1090 2216 digesserit,
1121 2167 1318 2217 qualitatis
1344 2168 1561 2218 exemplum
1588 2181 1609 2206 a
1640 2169 1715 2206 De-

252 2226 450 2263 mosthene
477 2226 720 2276 potissimum
747 2227 969 2266 ducendum
998 2242 1082 2266 esse
1109 2229 1275 2273 censuit,
1305 2229 1371 2279 qui
1394 2229 1432 2267 in
1462 2230 1648 2280 qualitate
1675 2236 1716 2268 et

251 2287 505 2324 aestimatione
522 2286 688 2336 injuriae,
723 2288 904 2327 facinoris
942 2291 1154 2340 perpetrati
1193 2291 1361 2341 speeiem
1400 2292 1521 2341 (quod
1558 2293 1714 2330 schema

250 2348 333 2398 ipse
362 2349 492 2394 vocat)
525 2348 907 2388 animadvertendam
934 2364 1017 2389 esse
1040 2351 1164 2396 duxit,
1186 2352 1260 2389 hoc
1280 2359 1353 2396 est,
1375 2352 1548 2390 habitum
1566 2359 1605 2390 et
1621 2353 1713 2390 affe-

251 2416 354 2446 ctum
370 2409 559 2460 corporis,
577 2411 776 2461 animique
793 2418 869 2450 tam
884 2413 1073 2462 pulsantis
1087 2426 1203 2463 quam
1219 2414 1450 2464 vapulantis,
1465 2421 1503 2452 et
1517 2413 1712 2464 quandam

249 2470 370 2507 veluti
397 2471 591 2508 actionem
612 2478 729 2522 atque
750 2474 1135 2523 repraesentationem
1161 2475 1420 2525 improbitatis
1441 2475 1527 2524 ejus
1549 2475 1615 2524 qui
1641 2488 1715 2512 cae-

250 2530 370 2567 debat
389 2538 507 2581 atque
532 2532 757 2582 impotentis
778 2534 905 2579 animi,
927 2541 1140 2585 contraque
1162 2535 1252 2573 foedi
1274 2550 1319 2573 ac
1340 2536 1514 2586 pudendi
1530 2544 1713 2585 aspectus

248 2590 333 2639 ejus
347 2591 413 2640 qui
431 2592 641 2642 vapulabat
657 2593 949 2640 exhibitionem,
967 2596 1096 2633 animo
1111 2596 1310 2633 obversari
1321 2596 1502 2644 judicum
1518 2604 1710 2646 oportere,

250 2659 292 2689 ut
325 2665 476 2702 poenam
508 2666 580 2703 pro
611 2654 800 2704 dignitate
829 2657 882 2693 rei
916 2664 1100 2695 statuant.
1159 2657 1204 2694 In
1231 2657 1418 2706 qualitate
1448 2658 1560 2695 etiam
1587 2658 1712 2707 ponit,

248 2720 376 2750 truces
395 2715 642 2764 ininacesque
661 2717 798 2754 oculos
815 2717 1017 2765 pulsantis,
1043 2718 1080 2753 in
1103 2731 1191 2755 eum
1213 2719 1279 2767 qui
1297 2719 1486 2767 pulsatur,
1512 2725 1590 2757 tum
1610 2719 1715 2756 voci-

247 2774 475 2812 ferationem
510 2775 769 2822 desaevientis,
806 2778 1095 2827 territantisque
1134 2792 1219 2816 eum
1261 2779 1327 2828 qui
1360 2779 1554 2817 violentiae
1593 2779 1714 2817 cedit.

248 2836 345 2877 Qua*
375 2836 504 2874 omnia
523 2837 705 2875 accidere
728 2839 933 2877 verisimile
956 2847 1030 2885 est,
1051 2853 1140 2877 cum
1164 2840 1368 2891 sugillandi
1389 2841 1517 2878 animo
1539 2841 1576 2878 id
1599 2840 1654 2885 fit,
1674 2841 1712 2878 id

250 2902 319 2942 est,
336 2903 479 2947 notam,¹
498 2898 824 2950 ignominiamque
848 2900 1025 2939 inurendi
1043 2901 1188 2939 homini
1207 2903 1365 2952 integrae
1384 2901 1496 2940 Fama*
1516 2902 1715 2940 intemera-
