1912 3187
286 157 357 206 48
682 159 1327 206 ΔΗΜΟΣΘΕΝΟΥΣ

281 271 443 367 gem-fig·
478 284 678 339 σκοπεῖν,
713 275 824 328 αλλ’
863 273 934 328 ἓοὶν
973 273 1051 346 μὲν
1085 276 1277 345 καλέσῃ,
1313 273 1590 336 πεντήκοντα
1629 269 1734 341 δρα·-

283 372 436 420 χμας,
466 347 540 402 ἓαν
568 347 610 402 δε
639 349 926 442 καθιζεσθαι
953 348 1160 441 κελεύσῃ,
1188 348 1350 415 χιλιας
1375 348 1598 401 αποτίνειν
1626 345 1735 398 ετοί-

286 422 417 490 ξατε.
447 422 560 484 τίνος
593 422 746 483 ἐ’νεκα;
784 420 904 483 ὅπως
938 421 1001 494 μὴ
1030 421 1104 475 τᾶν
1139 423 1489 492 εστεφανωμενον
1529 446 1608 473 και
1643 435 1735 472 λει-

285 497 556 572 τουργοῦντα
590 498 654 565 τῷ
678 497 773 565 θεῷ
798 521 963 560 ταυτην
1000 496 1077 558 τὴν
1109 495 1287 589 ἧμεραν
1305 497 1445 566 καλῇ,
1484 493 1635 567 μηδ”
1620 518 1736 555 επη-

285 571 434 664 ρεοὲζῃ,
462 570 564 641 μηδ’
580 570 743 644 υβριζῃ
766 569 915 641 μηὸεις
939 569 1210 637 ἓξεπιτηδες.
1241 594 1361 633 ειτα,
1389 569 1464 621 τὸν
1488 568 1565 637 μὲν
1585 591 1736 636 χορευ-

288 670 365 707 την
389 642 477 697 ουδ’
481 686 495 709 ,
520 646 543 698 ὅ
566 647 915 714 προσκαλέσας,
943 670 1072 698 κατα
1104 644 1180 697 τᾶν
1209 643 1348 715 νόμον,
1380 639 1606 735 αζημιος”
1586 659 1733 694 εσται·

288 718 363 772 τδν
392 716 435 772 δε
455 719 671 813 χορηγὸν
678 719 894 787 1[αὐτὰν]
932 717 1022 772 ou3’
1047 721 1069 772 ὃ
1105 717 1366 786 συγκόψας,
1396 741 1524 792 παρα
1558 738 1739 774 παν-νας

287 817 391 854 τους
424 793 589 866 νόμους,
626 792 735 848 οὕτω
775 813 981 863 φανερως,
1021 817 1066 846 ου
1103 791 1226 846 δωσει
1270 791 1417 854 δικην;
1459 789 1595 843 οἷλλα
1637 812 1741 861 μην,

817 945 826 963 ¹
857 944 980 974 Absunt
994 943 1076 973 unci.
1093 943 1129 973 T.
1143 943 1184 973 R.

283 1050 440 1091 plicantur
453 1049 525 1085 ista,
553 1060 619 1090 quae
647 1055 835 1091 sequuntur.
858 1050 926 1081 ἀλλ’
953 1049 999 1081 ἐὰν

284 1092 342 1134 μὲν
354 1092 464 1135 καλέσῃ
479 1094 605 1145 (nempe
621 1092 686 1134 πςδς
709 1093 756 1124 τᾶν
769 1093 912 1145 ἄρχοντα)
926 1104 998 1124 ωεν-

286 1147 411 1166 τηκοντα,
427 1137 573 1188 δραχμάς·
592 1135 639 1167 ἐὰν
661 1135 689 1165 δὲ
701 1136 766 1176 (καὶ
790 1147 837 1165 τον
857 1135 1000 1187 ἄρχοντα.)

285 1177 466 1219 „aegaeae
491 1178 621 1220 κελεύσῃ,
647 1179 746 1219 χιλίας
775 1177 911 1209 ἀποτίνειν
933 1177 1001 1208 ἐτά-

288 1221 372 1260 ξατε.
416 1221 487 1251 Hoc
504 1226 561 1256 est,
575 1222 744 1260 simpliciter
763 1222 855 1251 citare
870 1221 1001 1259 aliquem

288 1275 308 1294 a
324 1265 439 1299 Choro,
455 1267 491 1293 ut
514 1267 675 1303 appareret
696 1274 797 1293 coram
812 1264 857 1303 τῷ
876 1264 1003 1304 ἄξχοντι,

286 1306 473 1346 puniebatur
487 1307 601 1336 mulcta
619 1308 646 1336 L
660 1306 871 1336 drachmarum
884 1317 892 1335 :
910 1307 935 1336 si
948 1316 1002 1336 ve-

288 1360 322 1379 ro
347 1348 399 1388 qui
418 1349 477 1379 hoc
502 1349 627 1385 fecerat,
648 1359 713 1379 rem
737 1350 866 1388 urgebat
881 1353 912 1378 et
932 1358 1003 1387 per-

289 1391 480 1426 sistebat‚ita
498 1396 530 1422 ut
544 1396 669 1431 cogeret
678 1391 804 1432 ἄρχοντα,
816 1389 1004 1431 καθίζεσθαι,

287 1445 342 1475 pro
357 1434 501 1464 tribunali
515 1436 622 1471 sedere,
638 1434 677 1464 de
693 1445 786 1464 causa
799 1434 1002 1474 cogniturum,

289 1477 375 1507 mille
391 1477 546 1507 drachmis
567 1478 626 1507 hoo
655 1477 803 1507 delictum
831 1477 1004 1507 aestimaba-

291 1524 352 1550 tur.
375 1521 591 1550 MARKLAND.
636 1520 705 1559 Ego
723 1524 824 1550 tamen
838 1520 928 1550 aliter
948 1530 1003 1549 ex-

289 1563 390 1602 plico:
425 1563 458 1593 Si
481 1562 626 1603 choragus
640 1564 765 1603 aliquem
782 1565 877 1603 injus
889 1573 1004 1593 vocave-

290 1607 345 1641 rit,
365 1605 400 1635 de
421 1607 640 1645 peregrinitate
667 1606 792 1636 hominis
820 1611 1003 1645 experturus,

294 1648 408 1678 mulcta
419 1653 482 1678 erat
499 1647 528 1678 L
541 1647 702 1679 drachmae:
733 1650 778 1679 sin
800 1654 900 1678 autem
914 1659 1004 1679 causa

290 1692 418 1727 indicta,
448 1696 476 1720 et
516 1702 571 1722 sua
608 1691 781 1721 solummodo
823 1693 999 1722 auctoritate

279 1732 395 1774 fretus,
411 1743 426 1763 e
441 1733 528 1764 choro
541 1734 742 1764 deturbaverit
756 1740 784 1764 et
800 1735 876 1764 inter
890 1740 1000 1773 specta-

291 1782 363 1807 tores
374 1777 469 1806 sedere
475 1778 612 1815 jusserit,
623 1775 794 1817 καθίζεσθαι
809 1777 938 1818 κελεύσῃ·
951 1777 1001 1818 (id

289 1820 370 1859 quod
388 1829 446 1848 non
460 1819 525 1849 sine
542 1820 574 1850 vi
598 1824 630 1849 et
655 1819 840 1849 contumelia
863 1820 928 1850 fieri
943 1830 1000 1859 po·

291 1862 367 1902 tuit)
383 1862 560 1900 Mpendito.
603 1863 645 1892 Et
659 1863 724 1892 haec
741 1868 788 1892 est
803 1873 888 1892 mens
905 1863 1001 1892 Scho-

288 1905 389 1934 liastae
406 1915 464 1934 uon
481 1916 542 1935 uno
558 1905 587 1934 in
602 1905 689 1934 loco:
713 1904 760 1935 ἐὰν
778 1905 896 1946 κελεύσῃ
920 1904 1002 1936 aim-dv

290 1946 454 1978 ἀπελθόντα
477 1947 515 1982 εἰς
543 1946 576 1976 τὸ
610 1946 722 1981 amieo:
747 1947 936 1986 καθέζεσθαι,
966 1949 1002 1983 ὡς

292 1989 372 2029 ξένον,
387 1988 487 2031 χιλίαις
501 1990 611 2021 διδόναι.
655 1992 790 2020 Iterum:
817 1989 866 2019 οἷον
882 1991 909 2021 οὗ
925 1990 1002 2023 [31³1-

291 2045 329 2067 ως
343 2033 520 2062 amaa-orasse
542 2032 596 2071 μὲν
620 2032 679 2062 ἀπὸ
703 2034 752 2061 τοῦ
772 2034 866 2073 χοροῦ,
891 2033 1002 2072 θεωρεῖν

291 2075 320 2105 δὲ
333 2075 381 2105 καὶ
398 2074 480 2114 μετὰ
495 2077 549 2104 τῶν
576 2075 670 2104 ἄλλων
689 2074 864 2115 καθέζεσθαι
878 2076 1002 2112 ἀναγκά-

291 2129 348 2148 σει.
375 2118 531 2148 TAYLou.

334 2159 464 2201 Καλέσῃ]
487 2161 606 2199 Nempe
630 2160 747 2199 μεταξὺ
772 2158 948 2200 χοςευόντας,
962 2158 1002 2189 ὅν·

291 2215 346 2237 τας
358 2201 383 2232 ἐν
396 2201 753 2243 θεάτρῳ-Καθέζεσθαι,
764 2204 870 2237 sedere,
881 2211 1002 2240 nempe,

290 2246 436 2277 recedere
453 2246 490 2276 de
507 2246 626 2275 theatro
646 2250 677 2275 et
694 2245 771 2274 inter
792 2244 902 2283 vulgus
931 2254 1002 2283 spe-

291 2289 437 2320 ctantium
455 2288 573 2318 sedere.
596 2288 735 2318 Auem.

332 2331 493 2372 Ἓτάξατε]
509 2332 573 2360 Lex
588 2335 664 2366 erat,
676 2339 746 2369 quae
758 2328 940 2368 peregrinos
957 2327 1003 2358 in-

291 2379 340 2405 ter
356 2375 481 2403 chorum
499 2373 619 2403 versari
640 2376 767 2403 vetaret.
812 2372 880 2401 Non
903 2376 1004 2401 tamen

292 2428 329 2447 ea
354 2420 538 2456 potestatem
562 2416 654 2445 dabat
672 2416 818 2453 chorego,
838 2415 1005 2454 ubicunque

290 2459 444 2490 inveniret
462 2458 617 2488 hominem
632 2456 862 2497 peregrinitatis
881 2457 1004 2487 nomine

291 2505 469 2541 suspectum
483 2500 628 2542 (ἅπλῶς),
639 2511 720 2535 eum,
734 2499 915 2539 explorandi
933 2510 1003 2529 cau-

293 2556 338 2580 sa,
355 2545 393 2574 ad
409 2544 584 2574 archontem
605 2542 737 2573 vocanda*
750 2541 1004 2583 (προσκαλέσαντι

293 2586 433 2626 σκοπειν).
489 2587 534 2622 Si,
562 2586 643 2616 inter
675 2586 843 2616 saltandum
874 2585 1004 2627 (μεταξὺ

292 2630 452 2672 χοξευοντιι,
478 2629 536 2659 hoo
568 2629 647 2659 enim
671 2629 776 2668 utique
802 2629 1004 2668 supplendum

293 2677 407 2709 mente,
423 2677 459 2702 ut
485 2671 564 2701 ratio
585 2672 665 2712 legis
683 2677 715 2702 et
741 2681 909 2701 consensus
936 2681 1004 2700 cum

293 2717 391 2746 altera
429 2713 600 2754 appareat),
638 2715 670 2744 in
703 2715 754 2753 jus
794 2719 948 2749 vocasset,
978 2715 1004 2744 L

294 2759 454 2788 drachmas
480 2757 616 2797 pendere
642 2758 822 2797 cogebatur,
853 2757 900 2786 sin
926 2756 1006 2785 inter

296 2804 488 2840 spectatores
513 2800 684 2839 relegasset
697 2798 882 2842 (καθίζεσθαι
908 2798 1004 2828 κελεύ-

296 2842 359 2885 cn),
378 2844 423 2873 M.
451 2844 647 2874 SPALDING.

340 2887 423 2916 Κατὰ
446 2885 492 2915 τὸν
528 2885 622 2928 νόμον]
653 2884 715 2920 Qui
740 2890 866 2915 actorem
894 2884 1006 2920 citarit,

295 2928 362 2970 lege
382 2929 527 2960 indemnis
541 2940 601 2960 non
616 2927 1005 2961 erit-Wolfiu3.1’essi-

1033 1062 1081 1082 me
1097 1056 1209 1082 tamen.
1254 1052 1322 1082 Lex
1338 1055 1402 1081 erat
1419 1049 1561 1085 Athenis,
1577 1047 1670 1087 ξένον
1695 1048 1743 1087 μῆ

1033 1096 1214 1135 χορηγεῖν,
1238 1104 1345 1125 verum
1372 1093 1446 1123 huic
1466 1092 1590 1132 negotio
1615 1103 1647 1121 se
1664 1091 1745 1120 inse-

1034 1147 1101 1166 rere
1126 1138 1292 1173 volentem,
1316 1137 1366 1167 vel
1395 1136 1453 1166 hoc
1482 1135 1605 1174 negotio
1636 1134 1744 1164 desun-

1035 1184 1119 1208 ctum
1134 1180 1165 1209 in
1182 1182 1234 1219 jus
1250 1190 1371 1209 vocare.
1415 1179 1492 1208 Erat
1511 1183 1612 1208 tamen
1636 1177 1745 1212 altera,

1035 1220 1131 1260 ξένον
1155 1221 1302 1261 μεταξὺ
1322 1221 1548 1262 χορηγοῦντα,
1569 1219 1664 1259 μήτε
1685 1230 1746 1248 κα·

1035 1264 1110 1293 λειν
1143 1265 1241 1304 μήτε
1277 1262 1504 1305 ἐπηρεάζειν,
1532 1267 1659 1302 propter
1693 1271 1745 1291 co-

1035 1316 1130 1342 ronae,
1160 1317 1251 1346 quam
1275 1308 1340 1344 jam
1371 1307 1523 1346 gestabat,
1551 1304 1746 1344 religionem,

1034 1348 1095 1378 loci
1122 1349 1333 1388 temporisque
1357 1348 1580 1378 solennitatem.
1632 1348 1747 1378 Demo-

1037 1392 1161 1422 sthenes
1178 1392 1274 1431 igitur
1289 1390 1454 1432 κακούργως,
1470 1396 1504 1421 ut
1518 1390 1561 1420 ait
1583 1389 1747 1429 Ulpianus,

1036 1435 1150 1474 prioris
1166 1434 1245 1474 legis
1261 1433 1444 1464 adminiculo
1465 1434 1572 1469 utitur,
1587 1438 1621 1463 ut
1636 1432 1747 1462 clarior

1036 1482 1118 1507 esset
1135 1477 1296 1507 antithesis
1311 1481 1341 1507 et
1352 1476 1522 1516 oppositio.
1568 1475 1602 1505 Si
1613 1474 1677 1510 ille,
1690 1474 1747 1515 qui

1034 1525 1160 1551 actm-em
1176 1521 1238 1561 lege
1260 1521 1395 1550 citaverit
1419 1518 1503 1560 (nam
1526 1518 1596 1558 lege
1622 1518 1748 1557 quidem

1035 1563 1148 1603 potuit,
1164 1564 1220 1593 sed
1248 1563 1356 1602 priori,
1385 1564 1439 1592 sed
1467 1561 1660 1601 generaliter,
1684 1570 1746 1590 nou

1034 1605 1153 1645 μεταξυ
1178 1604 1366 1647 χοξηγοῧντα)
1388 1605 1657 1635 condemnabitur:
1692 1602 1748 1642 qui

1036 1649 1148 1679 aedilem
1164 1650 1258 1688 ipsum
1272 1654 1375 1679 contra
1385 1658 1480 1678 omnes
1490 1648 1565 1688 leges
1576 1646 1746 1682 conciderit,

1035 1691 1087 1721 ille
1103 1701 1209 1731 poenas
1223 1701 1281 1722 non
1291 1691 1393 1722 dabit?
1425 1693 1536 1721 Astute
1551 1690 1675 1729 quidem
1687 1689 1746 1718 hoc

1037 1740 1068 1764 et
1079 1734 1249 1784 κακσύςγως.
1276 1735 1355 1764 Nam
1370 1734 1566 1774 peregrinum
1577 1737 1746 1762 coronatum

1035 1782 1063 1807 et
1077 1779 1165 1807 sacris
1186 1782 1352 1816 operantem
1366 1777 1461 1807 citare
1482 1776 1558 1806 adeo
1583 1779 1648 1805 erat
1668 1774 1746 1813 legi-

1036 1820 1093 1850 bus
1115 1820 1325 1856 interdictum,
1350 1830 1386 1850 ac
1414 1820 1534 1849 aedilem
1551 1818 1652 1867 ipsum
1676 1816 1746 1856 pul·

1037 1873 1117 1892 sare.
1138 1864 1295 1893 TAYLon.
1341 1864 1454 1893 Sensus
1471 1867 1537 1891 est:
1574 1871 1612 1891 ne
1630 1862 1654 1890 is
1681 1860 1747 1899 qui·

1036 1906 1111 1940 dem,
1139 1906 1191 1946 qui
1221 1906 1347 1946 legitime
1373 1906 1485 1940 citarit,
1511 1903 1656 1934 indemnis
1677 1903 1744 1932 erit.

1038 1949 1241 1987 opponuntur
1258 1948 1337 1978 enim
1363 1946 1397 1976 τὸ
1425 1948 1505 1976 κατὰ
1529 1944 1575 1974 τὸν
1595 1944 1686 1984 νόμον,
1715 1949 1747 1974 et

1037 1992 1120 2028 quod
1136 1991 1284 2029 seqnitur,
1307 1991 1386 2028 παρὰ
1411 1989 1524 2022 πάντας
1549 1998 1613 2020 τους
1637 1986 1745 2026 νόμους.

1035 2033 1159 2063 Junm.
1217 2031 1392 2060 Secundum
1421 2031 1504 2060 illam
1534 2029 1646 2068 legem,
1678 2039 1745 2068 quae

1036 2074 1214 2112 peregrinos
1240 2083 1258 2102 a
1278 2073 1372 2102 choro
1393 2074 1529 2101 arcebat.
1572 2072 1624 2102 Sic
1654 2081 1747 2110 cepe-

1036 2120 1106 2145 runt
1119 2115 1258 2150 surinus,
1274 2115 1427 2155 Taylorus
1443 2119 1475 2144 et
1490 2115 1641 2153 Augerus,
1657 2115 1747 2155 Ulpi·

1037 2168 1096 2187 ano
1116 2158 1205 2187 duce.
1227 2157 1270 2187 H.
1295 2157 1428 2187 WVolfius
1449 2161 1479 2187 et
1501 2156 1651 2186 Reiskius
1667 2159 1748 2188 κατὰ

1037 2199 1082 2230 τᾶν
1107 2199 1186 2239 νόμον
1215 2200 1294 2230 male
1306 2201 1439 2239 jungunt
1467 2200 1523 2239 τῷε
1552 2199 1600 2229 οὐκ
1628 2199 1749 2240 ἀζήμιος

1036 2242 1133 2279 ἔσται,
1145 2243 1226 2281 quod
1244 2248 1309 2273 erat
1323 2243 1517 2272 referendum
1533 2243 1571 2272 ad
1587 2241 1748 2282 προσκαλέ·

1038 2297 1103 2320 σας.
1148 2285 1212 2315 Hic
1229 2286 1324 2315 multa
1340 2286 1442 2315 turbat
1457 2285 1488 2315 in
1504 2290 1569 2315 toto
1591 2285 1649 2315 hoc
1665 2285 1745 2315 loco.

1038 2331 1116 2369 παρὰ
1139 2326 1246 2368 (cujus
1262 2328 1404 2358 lectionis
1421 2339 1522 2365 nemo,
1538 2338 1575 2358 ne
1591 2327 1659 2367 ipse
1679 2327 1748 2367 qui-

1038 2371 1121 2406 dem,
1139 2371 1231 2400 ullam
1247 2371 1432 2400 mentionem
1448 2370 1578 2411 fecerat)
1604 2380 1641 2400 an
1667 2372 1747 2400 κατὰ.

1037 2425 1067 2443 τ.
1075 2424 1097 2444 ν.
1110 2414 1204 2453 legas,
1214 2414 1289 2443 nihil
1303 2414 1346 2443 ait
1355 2414 1480 2444 referre.
1494 2414 1536 2444 At
1548 2414 1643 2443 refert
1654 2412 1750 2452 pluri-

1038 2467 1131 2486 mum.
1177 2456 1284 2486 omnis
1301 2457 1381 2496 perit
1393 2456 1580 2486 concinnitas
1591 2455 1622 2485 ni
1638 2467 1666 2485 κ.
1684 2466 1748 2485 τ.ν.

1039 2504 1210 2539 opponatur
1227 2500 1366 2538 sequenti
1380 2499 1440 2529 illi:
1467 2500 1546 2538 arag&
1559 2499 1671 2532 πάντας
1684 2498 1749 2531 τοὺς

1038 2542 1146 2579 νόμους.
1190 2543 1289 2580 Quam
1306 2546 1474 2582 agnoscunt
1492 2542 1542 2571 hic
1567 2551 1636 2571 cum
1657 2541 1750 2579 Ulpi-

1039 2595 1095 2615 ano
1108 2585 1258 2625 Taylorus
1283 2590 1314 2614 et
1335 2586 1477 2623 Augerus
1497 2583 1659 2624 κακουργίαν
1685 2584 1748 2613 De-

1039 2629 1215 2665 mosthenis,
1224 2637 1290 2658 eam
1303 2638 1361 2657 non
1374 2637 1511 2665 magnam
1524 2631 1609 2665 puto.
1626 2631 1646 2643 ‘¹
1657 2627 1706 2656 Ne
1715 2626 1748 2656 id

1040 2671 1175 2710 quidem,
1195 2670 1277 2709 quod
1301 2671 1444 2709 ceteroqui
1468 2670 1639 2708 legitimum
1655 2674 1749 2704 esset,

1039 2714 1070 2742 in
1087 2714 1247 2743 saltantem
1256 2712 1419 2753 (χορευτὴν)
1429 2710 1575 2742 licebat.’'
1591 2713 1625 2741 Is
1639 2721 1748 2741 sensus

1040 2760 1134 2791 est,et
1142 2765 1233 2786 verus
1242 2755 1372 2791 ille,non
1383 2755 1540 2793 κακοῦργος.
1553 2755 1750 2785 SPALmNG.

1083 2797 1186 2838 Αὑτὸν]
1214 2798 1311 2828 Uncis
1332 2797 1442 2828 inclusi
1462 2807 1641 2836 pronomen,
1666 2798 1749 2835 quod

1040 2841 1125 2871 abest
1142 2851 1159 2870 a
1174 2841 1274 2871 Paris.
1291 2852 1321 2870 ιι.
1345 2839 1452 2870 officit
1477 2839 1568 2870 etiam
1593 2839 1748 2869 concinni-

1040 2883 1108 2919 tati,
1124 2893 1192 2913 cum
1209 2893 1303 2923 supra
1318 2883 1357 2914 ad
1372 2884 1504 2925 χορευτὴν
1520 2881 1593 2913 nihil
1610 2881 1749 2914 additum

1040 2927 1092 2958 sit.
1115 2927 1219 2959 Inzu.
