1912 3187
649 321 694 373 Ι.
762 318 1252 372 TAYLORI

734 473 1099 516 PRAEFATl
1125 473 1165 514 O

927 617 975 641 AD

266 726 861 796 ORATIONEM
933 723 1650 793 DEMOSTHENIS

559 895 824 938 CONTRA
861 893 1363 937 ANDROTIONEM.

231 1031 472 1078 SEQUH'UR
494 1028 632 1066 Oratio
651 1028 835 1079 imprimis
853 1027 997 1066 diserta
1017 1033 1055 1065 et
1075 1027 1244 1077 elegans,
1261 1031 1313 1071 et,
1332 1025 1363 1063 si
1378 1025 1550 1076 antiquis
1569 1025 1688 1075 magi-

229 1091 317 1129 stris
341 1091 498 1128 credere
520 1090 576 1127 sas
603 1090 666 1134 sit,
695 1103 770 1127 non
801 1090 884 1127 sine
913 1089 1160 1127 aemulatione
1180 1095 1218 1126 et
1238 1087 1381 1138 ingenii
1403 1087 1573 1138 quadam
1593 1100 1686 1124 con-

231 1153 403 1191 tentione
424 1152 636 1189 elaborata.
695 1151 888 1188 Androtio
908 1152 1024 1196 enim,
1047 1152 1065 1187 ὁ
1091 1154 1250 1203 φεύγων,
1274 1163 1321 1186 ex
1342 1149 1525 1186 Isocratis
1555 1148 1688 1186 schola

233 1221 271 1252 et
291 1213 496 1263 disciplina
517 1212 730 1263 profectus,
752 1225 898 1250 summa
919 1219 1001 1249 erat
1028 1211 1127 1249 iuter
1148 1213 1366 1248 Isocrateos
1388 1210 1628 1256 celebritate,
1649 1217 1688 1247 et

233 1275 436 1312 maximam
451 1275 577 1311 aetatis
595 1274 799 1324 partemin
817 1273 901 1311 foro
920 1279 959 1311 et
975 1273 1131 1310 dicendi
1148 1286 1218 1309 usu
1237 1277 1490 1322 transegerat,
1506 1277 1548 1308 nt
1561 1277 1689 1308 narrat

232 1337 422 1387 Ulpianus
442 1336 491 1373 ad
515 1336 630 1385 hujus
651 1335 835 1373 orationis
857 1336 883 1375 ἑ.
902 1334 952 1383 β’.
997 1334 1070 1371 Cui
1092 1334 1328 1383 conjungere
1349 1333 1444 1370 libet
1465 1332 1550 1370 haec
1571 1333 1690 1370 verba

232 1397 463 1436 Selloliastae
487 1397 753 1447 Hermogenis,
774 1409 865 1447 pag.
885 1401 978 1434 401.
1008 1395 1240 1445 Ἰσοκράτους
1259 1396 1428 1445 μαθητὴν
1448 1392 1544 1430 εἶναι
1562 1396 1693 1441 λέγου-

232 1476 292 1496 σιν
310 1458 579 1509 Ἀιιέιοοτίωιά,
600 1459 659 1494 καὶ
685 1456 743 1503 ἦν,
766 1460 812 1500 ὥς
841 1465 951 1507 φησιν
976 1459 993 1494 ὁ
1021 1458 1152 1507 ῥήτωρ,
1175 1457 1347 1507 τεχνίτης
1367 1461 1431 1493 τοῦ
1450 1458 1591 1504 λέγειν.
1612 1455 1693 1492 ε’πε-

230 1520 403 1564 τὴἷευσεν
435 1518 500 1557 οὖν
529 1521 547 1557 ὀ
568 1518 811 1571 Δημοσθένης
840 1520 1187 1569 κεκαλλωπισμένον
1214 1518 1448 1569 ἐργάσασθαι
1480 1516 1567 1554 τὸν
1595 1519 1693 1554 κατ’

228 1582 575 1632 Ἀνδροτίωνος,
601 1581 993 1633 ἀντιφιλοτιμούμενος
1013 1581 1106 1631 πρὸς
1127 1579 1343 1630 Ἰσοκράτην
1360 1579 1494 1630 ῥήτορα
1514 1579 1691 1629 παρίσοις

231 1645 485 1699 ἐπιχρώμενον
508 1646 601 1680 κατὰ
626 1645 736 1688 ζῆλον
766 1647 829 1680 τοῦ
859 1642 1094 1680 διδασκάλου.
1154 1642 1294 1691 Neque
1324 1654 1347 1678 a
1372 1654 1442 1678 suo
1469 1640 1692 1691 expositore

232 1705 410 1743 dissentit
432 1705 697 1754 Hermogenes
718 1704 798 1753 ipse
824 1717 910 1754 cap.
930 1706 1011 1753 περὶ
1031 1706 1286 1754 Ἐπιμελείας,
1309 1702 1377 1752 qui
1397 1701 1511 1739 etiam
1532 1700 1693 1751 θεωρίαν

235 1781 355 1812 suam,
379 1766 456 1803 sive
477 1766 834 1803 commentariolum
857 1765 905 1803 ad
931 1765 1030 1802 hanc
1052 1765 1280 1811 orationem,
1297 1764 1380 1814 jam
1402 1770 1531 1801 autem
1553 1763 1694 1813 (leper-

236 1829 373 1874 ditum,
395 1827 432 1864 in
453 1827 528 1864 isto
549 1828 635 1864 loco
656 1832 950 1864 commemorat.
1008 1827 1154 1864 Locum
1176 1826 1264 1864 vide
1282 1839 1291 1863 :
1322 1826 1579 1869 Πλεονίιζουσι
1602 1824 1695 1876 [πα-

233 1889 417 1939 ρισώσεις]
433 1892 535 1940 παρὰ
554 1893 602 1941 τῷ
621 1888 831 1940 Ἰσοκράτει,
846 1890 916 1926 εἰσὶ
932 1887 972 1925 δὲ
985 1890 1044 1925 καὶ
1060 1891 1161 1938 παρὰ
1176 1891 1225 1939 τῷ
1241 1889 1363 1938 ῥήτορι
1379 1909 1431 1914 ——-
1442 1885 1521 1923 οἶόν
1541 1886 1619 1924 ἐστι
1635 1889 1696 1923 καὶ

235 1952 289 1997 τὸ,
307 1954 352 2005 τῇ
373 1968 409 1989 τε
436 1954 539 1989 πόλει
561 1950 762 1999 βοηθεῖν
788 1952 902 1988 οἰέται
922 1950 1031 1995 δεῖν,
1055 1952 1114 1987 καὶ
1134 1949 1235 1997 δίκην
1259 1950 1350 2000 ὑπὲρ
1376 1949 1487 1986 αὑτοῦ
1507 1947 1696 1995 λαβεῖν,

236 2019 342 2052 τοῦτο
363 2016 465 2064 κᾴγὼ
483 2015 704 2066 πειράσομαι
719 2031 773 2052 πο
784 2020 841 2051 ιεῖ
856 2031 887 2052 ν.
902 2014 1076 2060 τοιαύτην
1092 2016 1164 2065 γὰρ
1178 2017 1401 2064 παρίσωσιν,
1417 2014 1476 2050 καὶ
1489 2013 1602 2055 οὕτως
1619 2013 1699 2050 ε’πι-

236 2076 499 2127 τετηδευμένην
519 2077 695 2128 οὒὲεμίαν
715 2079 832 2126 εὑρεῖν
851 2079 979 2127 ἑτέραν
998 2075 1137 2127 ἔχομεν
1166 2077 1268 2128 παρά.
1296 2092 1340 2125 ’γε
1369 2078 1418 2128 τῷ
1438 2076 1574 2126 ῥήτορι.
1594 2077 1698 2113 ἀλλὰ

237 2140 303 2182 τὴν
318 2137 385 2188 μὲν
401 2141 538 2185 αἰτίαν,
555 2138 596 2176 δι’
615 2143 657 2184 ἣν
669 2138 833 2177 ἐνταῦθα
849 2138 1085 2184 ἐπετήδευσεν
1100 2140 1191 2176 οὕτω
1206 2141 1479 2189 κεκοσμημένον
1490 2139 1700 2188 προσκόρως

236 2198 301 2236 τὸν
321 2200 438 2247 λόγον
458 2199 569 2242 εὐθὺς
597 2200 637 2237 ἐν
657 2205 979 2251 προκαταρκτικοῖς
999 2198 1284 2251 παρασχέσθαι,
1307 2198 1531 2247 θεωροῦντες
1550 2199 1615 2237 τὸν
1635 2201 1699 2236 λό-

239 2277 309 2309 γον
329 2261 440 2298 αὐτὸν
460 2262 524 2299 τὸν
544 2265 620 2299 κατ’
638 2262 904 2313 Ἀνδροτίωνος
926 2265 1132 2314 εἰρήκαμεν.

291 2322 392 2359 Illud
415 2324 605 2373 singulare
627 2324 744 2362 habet
765 2325 1025 2370 Androtiana,
1049 2324 1156 2375 quod
1184 2325 1221 2361 in
1252 2329 1336 2362 toto
1364 2336 1529 2374 corpore
1552 2324 1698 2361 Demo-

238 2384 415 2421 sthenico
437 2386 540 2422 nulla
559 2386 607 2422 sit
628 2386 702 2423 alia
721 2394 909 2436 praeterea
925 2387 1062 2437 oratio,
1077 2388 1115 2423 in
1138 2399 1216 2436 qua
1236 2386 1385 2423 Rhetor
1404 2392 1535 2423 noster
1551 2391 1699 2423 tantum

238 2447 313 2484 sibi
335 2448 494 2485 indulsit
516 2449 552 2485 in
571 2462 689 2498 opera
711 2449 952 2495 mutuaticia,
972 2450 1089 2494 nulla,
1110 2450 1148 2486 in
1166 2462 1244 2498 qua
1264 2448 1434 2499 seipsum
1451 2448 1552 2486 adeo
1569 2448 1701 2486 sedule

243 2510 507 2561 exscripserit.
565 2511 685 2555 Quod
716 2512 857 2562 legitur
886 2512 924 2548 in
955 2512 1200 2550 Androtiana
1226 2515 1254 2559 ξ.
1281 2512 1326 2549 ιε’.
1359 2510 1475 2559 hujus
1504 2510 1702 2555 editionis,

240 2586 364 2622 usque
386 2573 434 2611 ad
457 2576 488 2620 ξ.
510 2573 566 2612 ις’.
590 2574 692 2611 med.
712 2581 752 2612 et
771 2573 914 2612 deinde
934 2587 1023 2624 quae
1044 2577 1078 2622 ξ.
1097 2574 1152 2611 ιΘ’.
1174 2573 1222 2611 ad
1245 2573 1461 2610 orationem
1483 2578 1701 2616 exeuntem,

239 2634 413 2672 versibus
427 2635 586 2672 omnino
606 2640 692 2674 186.
706 2649 750 2673 ea
764 2636 891 2673 omnia
906 2635 1152 2685 paucissimis
1167 2634 1377 2672 immutatis
1393 2634 1572 2684 leguntur
1585 2634 1700 2670 etiam

240 2694 277 2731 in
297 2695 559 2734 Timocraten.
622 2697 762 2747 Neque
784 2697 822 2734 id
844 2696 1008 2734 fortasse
1028 2696 1178 2742 mirum,
1199 2709 1286 2734 cum
1304 2696 1341 2733 in
1363 2695 1424 2732 illa
1445 2701 1484 2732 et
1506 2694 1606 2731 idern
1623 2694 1704 2730 An-

241 2755 366 2793 ‹lrolio
387 2771 483 2806 pene
504 2762 652 2810 φεύγειν
672 2759 838 2805 videtur,
862 2758 1108 2809 eundemque
1130 2759 1248 2803 idem,
1272 2764 1313 2794 ut
1337 2757 1374 2794 in
1397 2757 1481 2801 hac,
1503 2757 1703 2805 persequi-

244 2823 306 2853 tur
327 2818 538 2859 Diodorus.
596 2820 715 2865 Quod
738 2834 830 2858 vero
856 2820 905 2857 de
935 2834 981 2858 ea
1010 2820 1263 2858 similitudine
1292 2818 1477 2856 admonet
1500 2816 1703 2866 Ulpianus,

243 2879 390 2929 puerile
413 2888 483 2927 est,
508 2883 583 2920 sive
605 2883 736 2934 potius
757 2882 968 2934 piacularc,
991 2882 1058 2921 ubi
1079 2883 1143 2929 ait,
1165 2895 1266 2920 nunc
1290 2880 1351 2931 [id
1372 2884 1430 2916 est
1450 2878 1485 2915 in
1505 2878 1704 2916 Timocra-
