1912 3187
414 148 497 190 AD
529 145 628 188 OR.
660 142 906 186 CONTRA
938 139 1430 185 ARISTOCRATEM.
1543 145 1643 193 181

196 254 397 308 Στεφάνου,
416 257 475 292 καὶ
498 253 562 292 τὸν
586 255 678 291 κατὰ
695 251 973 304 Ἀνδροτίωνος,
994 251 1052 288 καὶ
1073 248 1340 300 Τιμοκράτους,
1361 250 1421 284 καὶ
1440 247 1646 296 Ἀριστο-

199 318 406 368 κρίιτους.
435 317 567 364 ὀλίγον
584 316 657 365 γὰρ
677 313 878 362 διήνεγκεν,
899 315 927 350 εἰ
946 315 994 363 μὴ
1016 312 1145 363 νόμον,
1166 313 1271 348 ἄλλά
1292 310 1464 361 ψήφισμα
1482 310 1649 358 Ἀριστο-

199 379 334 428 κράτης
351 378 505 428 ἔγραψε.
561 378 692 425 Atque
714 375 828 413 etiam
855 375 956 413 inter
984 380 1056 412 τῶν
1086 373 1276 411 δικανικῶν
1304 375 1526 414 καλλίστους
1545 371 1652 408 locat

200 440 462 489 Hermogenes
482 438 560 476 τὸν
588 441 701 476 κατὰ
727 437 1136 488 Ἀριστοκράτους,
1166 437 1226 472 καὶ
1245 435 1310 473 τὸν
1329 433 1419 484 ὑπὲρ
1448 433 1651 484 Στεφάνου,

197 513 239 551 p.
259 504 348 540 376.
369 499 475 537 Edit.
497 498 668 549 Crispin.
723 498 933 549 Exemplar
951 502 1014 536 τοῦ
1034 497 1216 535 δικανικοῦ
1235 503 1466 547 χαρακτῆρος
1482 494 1655 532 nominat

197 563 283 612 ejus
303 561 529 600 scholiastes
550 575 638 612 pag.
659 566 724 602 74.
781 561 905 611 Cujus
931 559 1021 598 item
1051 559 1143 597 alibi
1173 559 1362 596 sententia
1387 563 1459 602 est,
1480 569 1594 606 quam
1615 562 1655 593 et

199 636 267 660 sua
288 636 445 673 quoque
466 622 710 660 confirmavit
730 621 922 659 Aristides
952 621 1114 666 Rhetor‚
1142 619 1180 657 in
1201 632 1245 656 ea
1265 619 1485 656 elucescere
1510 623 1654 654 utram-

200 696 276 733 que
294 683 434 729 ideam,
454 689 529 720 tam
548 696 636 733 quae
653 681 916 727 deliberativo,
934 693 1051 731 quam
1069 693 1157 730 quae
1176 677 1563 729 competitjudiciali
1582 690 1657 715 ser-

199 744 318 783 moni.
373 744 515 794 Neque
543 757 589 781 eo
619 744 741 781 solum
770 749 910 780 ornatu
939 742 1123 779 orationis
1157 746 1347 785 exaratur,
1378 752 1508 776 verum
1538 737 1657 775 etiam

201 818 349 842 summo
378 805 508 842 studio
527 805 637 855 Reip.
695 804 812 848 Quod
835 804 927 841 olim
947 802 1167 840 observavit
1189 801 1382 838 Panaetius
1402 799 1657 850 philosophus

201 866 252 904 de
273 865 529 904 Orationibus
545 866 839 916 Ctesiphontea,
856 866 1133 910 Aristocratea,
1151 863 1336 913 Leptinea
1356 868 1395 900 et
1415 860 1656 911 Philippicis,

202 927 307 978 apud
329 928 579 965 Plutarchum
601 929 642 965 in
661 927 738 964 vita
759 925 942 963 Auctoris
962 925 1097 963 nostri.

255 988 402 1026 Habita
422 994 518 1034 erat,
539 988 676 1026 eodem
701 987 911 1025 Plutarcho
931 992 1041 1032 teste,
1057 986 1172 1035 juxta
1192 985 1231 1023 id
1254 984 1452 1034 temporis,
1475 996 1553 1034 quo
1575 982 1660 1020 illas

203 1049 319 1088 etiam
350 1050 503 1095 habuit,
533 1064 570 1088 c.
603 1049 886 1087 Androtionem
917 1061 1045 1092 unam,
1076 1053 1114 1085 et
1142 1047 1302 1084 alteram
1329 1060 1363 1083 c.
1382 1046 1659 1083 Timocratem.

202 1110 291 1150 Τῶν
312 1112 351 1149 δὲ
372 1112 556 1163 δημοσίων
576 1113 595 1149 ὁ
622 1112 692 1161 μὲν
713 1113 785 1148 κατ’
803 1110 1087 1160 Ἀνδροτίωνος,
1110 1110 1169 1145 καὶ
1187 1107 1455 1157 Τιμοκράτους,
1471 1109 1530 1143 καὶ
1547 1107 1588 1142 Ἀ
1602 1122 1662 1156 ρι-

206 1172 482 1221 στοκράτους
512 1173 646 1223 ἑτέροις
676 1172 908 1223 ἐγράφησαν,
935 1169 1033 1207 οὔπω
1062 1173 1106 1222 τῇ
1131 1168 1301 1217 πολιτείᾳ
1329 1166 1662 1218 προσεληλυθότος.

206 1232 300 1271 δοκεῖ
329 1235 401 1284 γὰρ
422 1233 521 1272 ἓυοῖν
539 1234 561 1278 ἢ
582 1239 688 1283 τριῶν
709 1232 837 1270 δέοντα
863 1231 925 1278 ἔτη
954 1231 1148 1281 τριάκοντα
1173 1232 1338 1278 γεγονὼς
1363 1229 1558 1276 ἐξενεγκεῖν
1579 1227 1663 1271 τούς

205 1296 345 1342 λόγους
375 1295 545 1337 ἐκείνους.
601 1294 747 1332 Verum
775 1292 848 1330 hoc
869 1293 1040 1342 quidem,
1062 1298 1130 1329 aut
1156 1304 1247 1328 vero
1276 1291 1411 1327 saltem
1433 1290 1662 1340 proximum,

207 1356 313 1406 quod
333 1356 386 1392 ait
406 1356 454 1393 de
475 1355 663 1406 Leptinea
690 1361 730 1392 et
747 1355 998 1391 Timocratea
1015 1367 1024 1390 ε
1056 1353 1177 1389 serius
1203 1358 1330 1388 tamen
1360 1352 1560 1400 aliquanto
1579 1351 1664 1389 haec

206 1422 344 1453 contra
361 1417 655 1461 Aristocratem,
677 1416 836 1466 Olymp.
856 1429 909 1453 sc.
928 1415 1053 1452 CVII.
1076 1419 1111 1451 1.
1130 1426 1216 1450 cum
1238 1412 1518 1450 Demosthenes
1539 1413 1664 1450 aetatis

204 1482 336 1526 ageret
367 1489 508 1514 annum
539 1476 790 1527 trigesimum,
814 1475 845 1512 si
874 1475 1038 1525 Dionys.
1070 1474 1195 1511 Halic.
1219 1473 1330 1511 fides.
1385 1473 1449 1510 Ἐν
1476 1474 1588 1525 τούτῳ
1616 1478 1664 1525 τῷ

206 1539 329 1590 χρόνῳ
342 1540 495 1588 (nempe
511 1538 760 1574 Aristodemo
777 1537 963 1582 Praetore‚
981 1535 1047 1585 qui
1067 1535 1140 1573 fuit
1155 1548 1201 1572 eo
1221 1548 1335 1579 anno,
1357 1547 1472 1583 quem
1490 1534 1667 1583 designa-

205 1599 346 1648 vimus)
365 1601 423 1636 καὶ
449 1600 512 1637 τὸν
540 1602 660 1637 κατὰ
682 1597 1079 1649 Ἀριστοκράτους
1108 1597 1248 1646 ἔγραψε
1276 1598 1394 1643 λόγον
1416 1594 1599 1632 Εὐθυκλεῖ
1618 1592 1666 1646 rt}

208 1660 374 1699 διώκοντι
394 1663 620 1711 παρανόμων
639 1660 680 1698 τὸ
702 1661 887 1710 ψήφισμα.
946 1659 1069 1709 Epist.
1091 1659 1139 1695 ad
1162 1660 1392 1702 Anima-um,
1415 1661 1448 1705 ξ.
1469 1662 1506 1695 4.

265 1721 362 1765 Quis
378 1728 504 1758 autem
525 1721 641 1758 fuerit
660 1721 731 1757 iste
753 1720 980 1770 Euthycles‚
1001 1719 1113 1768 cujus
1135 1719 1170 1755 in
1189 1718 1349 1768 gratiam
1367 1717 1450 1754 haec
1470 1716 1670 1767 scripserit

212 1783 512 1827 Demosthenes,
532 1783 684 1832 penitus
705 1782 914 1830 ignoratur,
938 1788 974 1818 et
989 1781 1103 1829 juxta
1122 1781 1209 1830 quis
1231 1779 1345 1816 fuerit
1367 1779 1429 1815 ille
1451 1779 1670 1816 Aristocra-

211 1849 282 1888 tes,
303 1844 371 1893 qui
393 1844 456 1881 hic
476 1843 728 1880 insimulatur.
789 1842 947 1879 Certum
970 1841 1114 1878 interea
1145 1847 1213 1885 est,
1243 1853 1389 1876 errasse
1412 1838 1668 1875 Scholiastem

211 1907 414 1957 Aristoph.
434 1906 482 1943 ad
504 1909 607 1943 Aves
629 1911 718 1944 126.
749 1918 835 1942 cum
856 1905 920 1949 ait,
942 1904 1059 1941 fuisse
1077 1904 1354 1941 Aristocratem
1374 1902 1504 1939 Scellii
1528 1903 1572 1939 F.
1602 1901 1670 1951 qui

213 1968 252 2006 in
284 1969 387 2006 bello
405 1968 740 2018 Peloponnesiaco
772 1967 890 2003 multa
909 1966 1060 2015 egregia
1082 1965 1251 2002 facinora
1275 1964 1409 2001 edidit.
1457 1964 1669 2014 Epichares

212 2030 327 2076 enim,
357 2029 423 2079 qui
452 2042 522 2079 per
548 2029 635 2066 haec
665 2035 839 2077 tempora
869 2026 1079 2064 orationem
1108 2026 1245 2064 habuit
1278 2025 1364 2063 adv,
1393 2024 1668 2069 Theocrinem,

214 2091 476 2127 Demosthene
498 2090 706 2134 scribente,
724 2088 997 2125 Aristocraten]
1020 2088 1132 2124 istum
1154 2086 1282 2123 Scellii
1305 2088 1345 2123 F.
1368 2092 1479 2122 vocat
1500 2099 1671 2123 avuncu-

214 2151 296 2188 lum
312 2151 386 2188 Avi
408 2151 478 2195 sui,
499 2158 540 2188 ut
560 2151 695 2188 mirum
713 2151 773 2196 sit,
791 2149 821 2186 si
842 2149 926 2186 haec
944 2148 1180 2186 concordare
1199 2148 1356 2198 possint.
1396 2147 1536 2196 Neque
1556 2160 1672 2196 porro

213 2211 391 2262 profecto
411 2211 614 2248 verisimile
633 2217 702 2256 est,
724 2210 890 2248 eundem
910 2209 1029 2247 fuisse
1052 2208 1269 2258 impetitum
1291 2208 1339 2244 al)
1356 2208 1612 2256 Aristophane
1634 2207 1672 2244 in

216 2273 374 2317 Fabula,
397 2285 513 2321 quam
532 2273 639 2310 dedit
665 2273 823 2323 Olymp.
842 2271 950 2309 XCI.
973 2276 1010 2309 2.
1031 2277 1069 2309 et
1089 2284 1110 2308 a
1129 2270 1391 2307 Demosthene
1409 2270 1445 2306 in
1468 2269 1672 2320 Oratione,

219 2347 335 2385 quam
354 2333 490 2370 habuit
513 2334 668 2384 Olymp.
687 2334 816 2372 CVII.
837 2339 873 2371 1.

270 2395 369 2432 Cum
384 2395 566 2432 nonnulla
581 2394 705 2432 sintin
723 2395 795 2433 hac
811 2395 1014 2439 Oratione,
1031 2406 1118 2444 quae
1136 2393 1229 2430 alibi
1245 2392 1348 2442 apud
1368 2393 1672 2430 Demosthenem

216 2458 411 2506 leguntur,
434 2462 476 2493 ut
500 2455 590 2493 olim
621 2456 903 2499 annotavimus,
926 2456 1165 2505 praecipuum
1193 2459 1263 2499 est,
1291 2454 1397 2503 quod
1431 2454 1552 2491 multa
1583 2454 1672 2491 hinc

218 2517 414 2556 transtulit
440 2517 489 2554 ad
522 2517 763 2561 Orationem,
782 2530 869 2566 quae
900 2516 1122 2554 inscribitur
1149 2516 1229 2564 περὶ
1257 2515 1491 2561 Συντάξεωςι
1521 2515 1570 2552 de
1597 2528 1674 2564 qua

220 2593 260 2617 re
288 2592 366 2617 non
391 2579 474 2617 leve
502 2578 662 2628 aliquod
690 2579 728 2616 in
750 2578 848 2616 notis
878 2577 926 2616 ad
957 2578 1071 2615 istum
1099 2577 1227 2614 locum
1257 2576 1354 2614 infra
1374 2575 1674 2614 observavimus.

219 2641 318 2678 ΤΑΥ
328 2651 429 2678 Lon.
1453 2637 1457 2640 “
