1912 3187
220 149 329 198 348
443 159 477 200 l.
508 158 794 201 TAYLORI
830 159 1021 202 PRAEF.
1055 159 1145 202 AD
1179 158 1475 203 ARISTOG.

222 253 339 302 μένην
369 251 480 290 αὐτὸν
498 253 682 304 φυγόντα,
704 254 880 297 ἀξιοῦσαν
906 250 944 289 εὖ
964 250 1114 298 παθεῖν,
1137 251 1196 290 ὅτε
1214 253 1365 302 ἰ’σχυεν,
1387 252 1446 289 ἐπὶ
1471 252 1512 290 τὸ
1537 259 1601 290 τοῦ
1619 268 1685 302 με·

221 314 356 351 τοικὶου
383 316 615 364 πωλητήριον
644 316 803 362 ἤγαγεν,
833 315 892 350 καὶ
921 316 987 359 τὴν
1007 313 1170 366 ἀὲελφὴν
1201 314 1255 351 ἐπ’
1283 315 1455 366 ἐξαγωγῇ
1482 317 1686 366 πέπρακεν.

219 374 422 426 ’Υπερίέην
453 375 488 413 Es*
521 375 716 427 ἐγράψατο
745 376 975 426 παρανόμων
1010 376 1068 413 ἐπὶ
1098 378 1146 427 τῷ
1179 379 1271 426 μετὰ
1297 376 1536 426 Χαιρώνειαν
1566 377 1681 429 ψηφί-

219 453 346 488 σματι,
371 439 430 474 καὶ
450 440 522 488 οὺχ
543 435 655 474 εἷλεν.

272 500 405 550 Hujus
436 499 588 549 generis
611 499 728 537 Actio
750 504 914 537 vocatur
931 499 1125 546 Ἔνδειξις.
1184 500 1239 538 Ea
1262 506 1335 546 est,
1356 515 1444 540 cum
1475 502 1564 553 quis
1591 502 1684 553 jure

219 562 440 607 damnatus,
463 563 499 599 in
515 561 706 612 judicatis
726 574 804 599 non
826 568 994 607 maneat,
1016 562 1132 600 veluti
1155 562 1217 599 hic
1241 563 1418 601 obtinet:
1450 565 1529 603 Lex
1558 565 1625 610 ait,
1646 565 1685 603 in

213 623 371 672 judicio
389 623 594 662 convictus
614 623 758 661 debere
779 626 829 675 τῷ
849 622 1026 675 δημοσίῳ,
1047 623 1109 661 ille
1130 623 1167 661 in
1185 630 1408 674 suggestum
1436 639 1483 663 ne
1504 626 1685 677 prodeat,

218 697 348 734 neque
369 697 500 723 coram
521 685 671 735 populo
691 684 810 723 verba
829 685 998 723 habeat:
1030 685 1109 729 Qui
1130 698 1246 736 quem
1267 698 1313 723 ea
1331 686 1544 735 pervicacia
1565 701 1603 726 se
1618 702 1686 740 ge-

217 752 366 783 rentem
388 745 512 796 injus
533 746 706 792 duxerit,
728 759 815 784 eum
835 746 1059 785 ἐνδεικνύναι
1079 747 1238 792 dicitur,
1268 747 1600 797 quemadmodum
1621 750 1687 788 hic

205 798 426 858 'Lycurgus
446 815 484 846 et
507 808 792 846 Demosthenes
814 808 1096 859 Aristogitona.
1118 809 1218 847 Vide
1237 810 1432 859 Hau-poor.
1448 823 1484 847 v.
1494 811 1687 858 Ἔνδειξις.

223 869 389 909 Herald.
423 871 630 909 Animadv.
658 871 708 909 ad
745 871 908 909 Salmas.
930 872 1000 909 IV.
1026 877 1065 911 9.
1089 884 1177 922 quae
1209 885 1279 911 nos
1311 872 1359 910 ad
1381 873 1686 912 Aristocrateam

223 935 316 971 636.
336 936 373 971 8.
392 932 457 972 ed.
475 933 522 971 R.
556 933 653 972 Poll.
676 933 721 971 L.
742 934 853 972 VIII.
882 933 928 972 C.
955 939 993 972 6.
1014 935 1048 980 ξ.
1064 938 1130 972 49.
1152 934 1268 972 Petit.
1290 935 1368 973 LL.
1391 936 1514 973 Attio.
1533 936 1687 987 aliquo-

221 992 310 1039 ties,
341 1011 406 1045 σχ.
428 994 630 1044 Aristoph.
652 995 774 1045 Vesp.
795 1000 914 1034 1103.
944 996 1105 1034 Salmas.
1136 995 1185 1034 de
1215 997 1274 1035 Μ.
1303 997 1352 1035 U.
1374 1001 1465 1037 780.
1501 1004 1579 1036 etc.
1610 999 1689 1036 Va-

222 1054 292 1093 les.
314 1055 363 1093 ad
386 1056 582 1094 Maussac.
602 1069 640 1107 p.
662 1061 753 1095 231.
778 1057 937 1108 Ulpian.
964 1057 1014 1096 ad
1034 1057 1203 1095 Androt.
1226 1058 1436 1109 Moschop.
1456 1075 1497 1096 π.
1520 1059 1626 1111 σχεδ.
1646 1073 1686 1110 p.

222 1120 316 1155 152.
348 1117 417 1154 Alt
437 1118 728 1169 Harpocratio:
757 1121 893 1157 πολλοὶ
918 1121 987 1171 μέν
1015 1122 1087 1159 εἰσι
1115 1121 1225 1168 λόγοι
1244 1120 1465 1167 Ἐνέείξεως,
1491 1123 1687 1174 γνωριμώ-

225 1195 329 1216 τατοι
359 1178 395 1217 δὲ
425 1180 459 1218 οἱ
485 1184 562 1219 κατ’
584 1181 909 1233 Ἀριστογείτονος
937 1181 1209 1233 Δημοσθένους.
1268 1182 1385 1226 Quod
1422 1196 1514 1221 sane
1541 1185 1690 1232 nesciO,

223 1252 302 1290 quo
324 1240 452 1280 animo
468 1243 520 1281 sit
539 1243 829 1295 accipiendum.

279 1302 400 1341 Periit
426 1304 575 1354 utique,
611 1318 728 1354 quam
757 1304 878 1353 priori
909 1304 1012 1348 loco,
1044 1310 1183 1353 utpote
1215 1309 1308 1343 natu
1334 1305 1529 1355 grandior,
1551 1308 1690 1347 habuit

225 1363 428 1415 Lycurgus
452 1366 518 1404 ille
539 1379 694 1404 severus
714 1372 858 1411 orator,
880 1378 995 1416 quem
1025 1379 1152 1416 nuper
1172 1365 1361 1405 demereri
1382 1369 1528 1407 studui.
1585 1371 1689 1409 Cen-

226 1433 403 1465 servatur
419 1433 546 1466 tamen
561 1428 646 1477 ejus
666 1428 851 1466 memoria
866 1427 904 1464 in
917 1427 1091 1477 plurimis
1108 1428 1204 1465 locis
1219 1429 1573 1470 Grammaticorum
1590 1433 1688 1472 alio-

226 1499 407 1538 rumque.
462 1490 612 1528 Contra
640 1495 783 1535 autem,
807 1502 923 1527 causa
952 1489 1030 1535 illa,
1050 1502 1167 1539 quain
1198 1489 1236 1527 in
1265 1491 1374 1529 istius
1401 1493 1586 1532 Rhetoris
1612 1496 1691 1534 vita

226 1556 414 1588 memorat
432 1552 677 1597 Plutarchus,
699 1565 777 1589 non
791 1550 997 1597 Ἐνόείξεως
1018 1558 1113 1598 erat,
1133 1564 1267 1589 verum
1286 1553 1453 1606 Δειλίας,
1474 1556 1504 1593 si
1523 1569 1600 1606 qua
1629 1557 1692 1596 isti

227 1611 417 1662 Scriptori
439 1612 535 1651 fides
557 1613 605 1651 sit
621 1613 814 1651 habenda.
873 1613 1158 1651 Circumfertur
1175 1613 1292 1651 hodie
1314 1615 1465 1663 Oratio,
1483 1631 1598 1668 quam
1622 1619 1690 1658 ha-

228 1673 316 1711 buit
335 1682 471 1713 contra
491 1675 660 1713 eundem
681 1674 948 1726 Aristogitona
969 1675 1205 1720 Dinarchus,
1227 1675 1279 1713 ob
1300 1684 1503 1728 acceptam
1523 1679 1573 1717 ab
1593 1681 1692 1719 Har-

228 1736 321 1786 palo
337 1738 552 1786 pecuniam.
611 1738 708 1775 Eam
727 1737 766 1775 in
792 1736 916 1787 primo
945 1736 1074 1774 Tomo
1104 1736 1220 1785 hujus
1243 1739 1371 1787 operis
1394 1742 1598 1780 consulere
1621 1742 1690 1793 ju-

229 1798 363 1837 vabit:
394 1811 480 1836 nam
501 1799 538 1836 in
565 1799 802 1837 recensenda
821 1798 1101 1849 Aristogitonis
1122 1799 1199 1836 vita
1215 1800 1420 1849 plurimum
1437 1816 1528 1841 cum
1545 1806 1691 1844 Demo-

227 1861 363 1898 sthene
378 1861 607 1899 concordat.

283 1923 428 1960 Habita
456 1929 516 1960 est
546 1924 631 1961 liaec
657 1929 749 1974 post
769 1924 927 1975 Olymp.
947 1923 1034 1961 CX.
1056 1926 1094 1961 3.
1122 1935 1202 1972 quo
1229 1936 1331 1962 anno
1359 1926 1407 1963 ad
1431 1927 1688 1968 Chaeroneam

229 1993 444 2036 pugnatum
464 1991 536 2030 est,
555 1999 642 2023 cum
659 1986 698 2023 in
714 1986 891 2024 oratione
912 1991 1098 2024 memorat
1120 1998 1178 2023 res
1196 1986 1249 2023 ibi
1269 1986 1475 2027 infeliciter
1492 1997 1634 2040 gestas,
1649 2001 1689 2032 et

229 2047 445 2098 Hyperidis
465 2061 580 2098 supet
605 2061 650 2086 ea
672 2062 712 2086 re
742 2049 1008 2100 rogationem:
1037 2054 1126 2086 ante
1149 2056 1276 2086 autem
1300 2050 1457 2100 Olymp.
1481 2053 1630 2092 CXIII.
1650 2060 1689 2094 2.

230 2122 310 2159 quo
338 2109 377 2146 in
410 2110 588 2147 exsilium
620 2110 715 2148 abiit
750 2111 1061 2153 Demosthenes;
1095 2123 1182 2147 nam
1218 2110 1254 2147 ixi
1286 2111 1420 2158 literis,
1455 2127 1551 2163 quas
1581 2117 1690 2154 exsul

231 2172 269 2208 S.
291 2171 333 2208 P.
356 2171 406 2214 Q.
429 2172 476 2208 A.
506 2185 578 2221 pro
609 2172 740 2209 liberis
772 2173 940 2223 Lycurgi
961 2172 1083 2217 dedit,
1109 2172 1139 2208 si
1166 2179 1294 2210 tamen
1317 2173 1482 2221 dederit,
1509 2178 1556 2215 ad
1589 2178 1689 2218 hanc

229 2245 387 2269 causam
402 2233 546 2283 saepius
568 2233 719 2280 alludit,
742 2240 779 2272 et
806 2235 916 2272 simul
939 2233 1080 2284 prodit,
1103 2247 1218 2284 quam
1239 2248 1374 2285 parum
1396 2250 1580 2291 prospere
1601 2254 1621 2279 a
1648 2255 1688 2280 se

232 2302 270 2331 ct
292 2295 470 2345 Lycurgo
491 2295 607 2334 fuerit
627 2297 783 2347 agitata.
813 2298 1022 2337 TAYLOR.
